2616 4000
449 239 511 291 nro.
530 242 561 292 v.
593 256 618 292 v.
636 241 779 313 aaa-aaa.

180 393 217 454 Et
239 391 317 453 bene
338 391 500 456 foecundas
523 394 650 473 imporat
672 410 736 454 esse
759 391 873 452 breves.

137 477 298 539 Ellunclant
320 475 397 536 oculi
420 475 567 547 lacrimas,
592 481 770 538 exterminet
792 495 843 538 ora

179 562 287 630 Pallor,
312 563 462 622 concutiat
483 563 624 623 interiora
648 560 742 630 dolor,

134 646 291 710 ssonoooec
313 645 422 724 digitos
444 654 569 721 tortura,
592 646 764 707 reverberet
787 644 879 708 altum

178 733 255 792 Aera
278 748 333 791 vox
356 732 475 800 misera,
500 739 578 801 tanta
601 730 755 811 querendo
777 730 867 791 mala!
1050 739 1101 788 290

136 815 195 876 Ista
218 815 298 894 paris
320 815 392 874 mibi
414 814 519 876 (lamna
543 816 637 886 Paris,
660 816 746 876 Paris
769 816 860 874 immo
882 815 993 893 parasti

177 898 286 960 Fomes
308 897 458 970 adulterii,
482 901 576 979 turpis
598 902 681 978 origo
704 897 787 960 mali!

134 985 290 1063 Nequitiae
312 981 417 1051 iacula,
441 1002 494 1044 cur
516 992 550 1044 ta
567 984 624 1044 luit
645 983 693 1044 illa
716 991 827 1050 secuta,

181 1068 270 1128 Peius
293 1065 438 1128 adulterio
461 1070 556 1147 turpis
578 1068 694 1130 adulter
716 1067 810 1128 olvest.

135 1153 182 1213 Tu
206 1161 295 1230 caput
318 1170 350 1212 cs
373 1150 453 1218 belli,
476 1152 588 1214 Troiam
612 1161 718 1220 metus.
743 1150 947 1228 argolioorom
1051 1160 1101 1209 205

179 1235 291 1306 Fletus,
316 1245 510 1314 utrorumque
533 1237 626 1298 cladis
648 1255 747 1298 amara
771 1236 862 1297 lacus.

135 1322 174 1383 m
196 1329 245 1382 tua
269 1339 318 1382 res
341 1324 449 1398 agitur.
473 1324 572 1400 paries
594 1340 663 1384 cum
686 1321 840 1401 proximus
862 1319 955 1389 ardet.

181 1404 224 1467 Te
247 1424 365 1486 quoque
389 1424 468 1466 mors
491 1407 603 1485 stygiis.
628 1407 733 1486 impie!
756 1405 860 1466 mersit
882 1406 974 1484 aquis.

138 1491 234 1562 Quam
257 1490 334 1550 hene
357 1488 531 1568 dispositum
555 1493 652 1558 terris.
677 1497 719 1560 nt,
742 1508 833 1568 quum
857 1489 895 1548 sit
916 1490 1036 1568 iniquus

182 1572 302 1636 Consilii
325 1574 448 1644 lructus,
473 1574 587 1635 imbuat
609 1585 712 1636 auctor
734 1593 819 1652 opus.
1053 1582 1103 1630 300

144 1659 221 1720 Ecce
244 1667 313 1718 tuus
335 1656 421 1718 luxus
444 1671 489 1720 est
510 1659 649 1728 Troibus
672 1659 778 1737 impie!
801 1657 907 1725 luctus,

183 1743 221 1804 Et
243 1742 363 1820 plausus
385 1742 521 1821 planctus
543 1743 747 1822 Argolicisque
770 1741 866 1809 datus,

138 1828 174 1888 Et
196 1827 287 1886 miser
309 1829 340 1886 in
364 1830 490 1888 miseras
512 1827 644 1907 dejectus
667 1846 698 1888 es
720 1829 784 1906 ipse
806 1843 957 1893 cavernas,

183 1909 264 1980 Quas
286 1912 394 1971 misere
418 1912 534 1972 miseris
556 1930 611 1992 pro
634 1913 791 1973 meretrice
815 1907 915 1970 dabas.
1142 1971 1143 1976 ,

137 1996 163 2056 0
185 1996 342 2055 meretrix!
366 2013 469 2074 spuma
493 1997 699 2058 meretricum!
722 2013 822 2056 nonne
845 1995 970 2055 mereris
1054 2003 1103 2050 305

180 2079 330 2159 Spumeus
352 2087 385 2139 ut
407 2080 509 2158 pingat
531 2097 652 2158 spumea
677 2080 752 2140 iacta
774 2078 886 2158 stylus?

144 2164 301 2224 Posteritas
323 2163 450 2224 sortasse
473 2163 562 2244 leget,
586 2165 741 2243 discetqne
764 2163 900 2224 docendo

183 2250 205 2309 Α
229 2255 289 2308 tam
312 2246 452 2326 pestilera
476 2265 625 2329 quemque
647 2266 751 2309 cavere
775 2255 853 2310 uota.

138 2331 190 2392 Est
212 2332 400 2409 impossibile
423 2335 502 2395 finiri
526 2335 585 2394 line
607 2333 705 2405 beato,

182 2416 265 2486 Quae
289 2416 325 2476 de
348 2417 497 2496 principio
519 2427 589 2478 suut
610 2417 755 2479 fabricata
778 2414 864 2477 malo.
1054 2423 1105 2472 310

139 2504 196 2562 Ars
217 2509 267 2561 tua
290 2503 510 2578 magnanimum
534 2501 645 2562 mundo
668 2500 744 2568 tulit,
767 2500 903 2563 Hecuba!
926 2506 1040 2580 patrem

181 2585 219 2645 Et
240 2583 330 2652 simul
352 2585 498 2646 illustrem
521 2586 667 2664 flagitiosa
690 2588 795 2648 virum.
822 2627 825 2632 v

137 2669 224 2729 Tune
247 2669 322 2729 duos
345 2688 402 2729 una
427 2672 594 2731 saevissima
618 2673 719 2750 vipera
744 2671 832 2730 morti

207 2854 266 2904 287.
296 2854 412 2918 margin.
429 2853 514 2908 schol.
533 2853 674 2906 exsudent.
744 2855 803 2904 292.
833 2851 922 2918 turpia
946 2866 960 2900 e
983 2852 1107 2916 margine

137 2936 189 2986 pro
211 2922 311 2971 iterato
335 2922 440 2971 codicis
463 2923 555 2972 fomes.
652 2923 710 2974 294.
742 2920 835 2972 Ovidii
853 2921 918 2970 Her.
936 2919 983 2981 IV,
1005 2921 1048 2970 30.
1073 2934 1106 2967 ex

139 3003 195 3053 quo
212 2987 274 3038 loco
291 2991 458 3040 mutavimus
481 2991 568 3039 nostri
592 2986 671 3054 pejor
692 2990 721 3038 in
746 2988 832 3054 pejus.
919 2987 978 3037 297.
1009 2981 1106 3040 Horat,

137 3057 229 3120 Epist.
247 3055 271 3116 1,
291 3058 333 3118 18,
350 3058 391 3107 84.
461 3055 760 3107 208.1mitot100vid.
779 3055 863 3106 Trist.
882 3053 928 3116 IV,
949 3056 973 3114 ὁ,
992 3055 1033 3102 22.

547 3149 581 3160 -
598 3149 632 3160 -
650 3140 674 3173 ει
692 3138 747 3174 non

242 3189 297 3252 Qui
313 3191 410 3242 mersit
428 3190 534 3255 Stygia,
553 3190 680 3241 sublevet
699 3189 776 3252 illud,
794 3203 876 3254 aqua.

137 3259 198 3308 200.
219 3256 358 3307 Claudiae
376 3257 424 3308 lib.
445 3262 468 3307 1..
488 3260 517 3308 in
534 3260 650 3323 Eutrop.
669 3257 772 3321 XVIII,
792 3259 847 3307 150.
867 3256 899 3306 58

243 3325 331 3387 Quam
353 3321 421 3376 bene
442 3324 604 3390 dispositum
623 3327 715 3387 terrie,
734 3331 766 3386 ut
783 3323 884 3389 dignus
901 3323 989 3388 iniqui

241 3393 359 3442 Fructus
377 3393 487 3443 consilii
505 3395 599 3458 primia
619 3393 780 3444 auctoribus
797 3394 889 3445 instet.

138 3461 199 3512 301.
227 3459 309 3510 luxua
326 3471 377 3524 pro
395 3460 456 3510 cod.
476 3460 561 3510 lurue.
642 3463 702 3512 305.
721 3475 829 3524 margot
847 3458 989 3511 invehitur
1005 3459 1035 3508 in
1052 3457 1110 3510 He-

139 3529 238 3583 lenam.
308 3529 367 3581 011.
387 3543 498 3592 margo.-
517 3528 657 3580 invahitur
675 3529 703 3577 in
722 3527 872 3580 Hecubam.
