2616 3980
460 163 576 230 maur.
612 178 638 212 v.
656 163 799 214 nes-aao.

193 316 345 377 Invehitur
368 313 466 376 medio
489 315 598 393 puppis
620 313 743 376 honesta
766 313 837 376 salo.

150 401 245 463 Nauta
267 399 447 460 Philoctetes
469 401 507 459 sit
529 401 566 459 de
589 399 756 479 potioribus
778 418 864 468 uanus,

194 485 248 546 Cui
270 484 326 545 luit
348 488 379 546 in
401 484 525 564 reliquis
547 483 615 562 plus
638 487 683 544 via
707 493 775 544 nota
799 487 900 544 maris.

149 572 389 647 Argonautarum
412 571 513 630 socius
536 567 592 628 init
613 567 663 629 hic
687 567 785 637 bomo,
811 586 939 647 quocum
1066 578 1117 627 aaa

192 651 358 734 Phryxeum
380 655 467 730 petiit
489 652 584 714 Pelias
607 652 697 713 arbor
719 669 813 718 orem.

151 738 289 815 Undique
314 737 377 798 vela
400 737 507 806 rolant,
531 737 618 816 longa
641 738 768 797 statione
790 737 892 797 ridere

192 824 251 883 Per
272 821 372 900 pelagi
394 821 496 882 solitas
520 822 565 882 sol
587 821 766 902 prohibetur
787 840 890 901 aquas.

150 906 255 968 Velant
276 906 340 967 vela
362 925 455 983 mare,
479 925 560 968 mare
585 915 678 968 totum
700 923 791 967 cerne
811 905 921 978 volare,

192 991 299 1054 Dividit
321 989 452 1052 undosas
474 999 596 1071 spumea
618 1008 708 1070 prora
732 993 802 1052 rias.
1063 999 1115 1048 300

150 1076 263 1138 Pontus
284 1083 376 1155 ponte
399 1084 482 1137 caret
503 1074 576 1135 mihi
600 1076 712 1144 dicuot,
735 1075 785 1135 hic
808 1091 862 1153 ego
884 1082 1009 1154 pontum

194 1161 300 1222 Verius
322 1179 339 1220 a
361 1161 455 1221 multo
477 1161 576 1220 dicere
598 1168 690 1240 ponte
712 1178 800 1238 queo.

151 1245 265 1306 Pontus
288 1247 377 1313 enim,
400 1253 498 1306 textus
520 1245 588 1321 quia
612 1243 755 1321 pontibus
778 1253 830 1312 est,
854 1242 906 1303 ubi
928 1245 1040 1306 classes

192 1329 349 1390 Pontilicas
370 1338 480 1408 pontus
502 1330 600 1407 pontis
623 1329 660 1389 ad
683 1331 777 1390 instar
798 1327 896 1390 habet.

151 1413 314 1493 Imperium
337 1421 463 1492 tangunt
484 1414 606 1484 Priami,
630 1415 754 1475 munitio
777 1413 922 1491 quaedam
1064 1421 1114 1471 305

193 1496 244 1559 liet
265 1497 318 1566 ibi,
341 1517 431 1577 quam
455 1516 522 1560 rara
545 1498 667 1558 dextera
690 1501 782 1559 iactat
804 1498 895 1558 humi.

150 1581 205 1644 llic
228 1600 331 1642 versus
354 1583 496 1644 Tenedon
519 1582 697 1660 procedunt,
721 1583 860 1662 quicquid
883 1581 993 1643 ibidem

194 1666 259 1726 vivi
281 1669 445 1744 reperiunt,
470 1670 578 1727 mortis
600 1666 636 1726 ad
659 1685 729 1727 arra
751 1666 884 1730 trallunt.

151 1750 297 1811 Praedam
319 1752 447 1829 partitur
469 1752 672 1828 Agamemnon
695 1749 855 1830 habetque,
880 1758 982 1810 vocato

193 1834 327 1911 Agmine,
351 1834 388 1894 de
411 1831 482 1896 belli
504 1833 626 1914 provida
649 1833 739 1894 verba
762 1842 850 1894 statu.
1064 1844 1115 1894 310

151 1914 246 1978 Vultis
268 1926 301 1978 ut
321 1919 357 1978 ad
382 1918 532 1979 Priamum
556 1921 690 1978 mittatur
712 1919 851 1987 nuncius,
875 1920 981 1997 inquit,

194 1999 355 2073 Quaerens,
379 2003 450 2082 quid
473 2003 549 2071 lecit,
573 2003 737 2062 sirariare
759 2001 838 2063 velit.

150 2083 287 2146 Reddere
309 2085 373 2148 vult
394 2086 546 2155 Helenam,
569 2088 608 2149 sit
630 2085 740 2146 bellum
763 2104 837 2166 pace
859 2085 1025 2166 sepultum;

132 2171 134 2178 “
193 2169 226 2231 Si
248 2173 355 2241 miuus,
379 2173 410 2231 in
433 2169 537 2249 gladiis
560 2170 769 2249 aggrediamur
792 2189 870 2231 eum.

149 2253 262 2316 Forsan
285 2264 347 2316 tum
368 2253 468 2316 medio'
489 2259 588 2335 posuit
610 2257 684 2316 deus
706 2256 806 2317 omnia
828 2274 944 2336 campo,
1065 2267 1115 2316 315

192 2339 308 2403 Sentiet
328 2343 420 2402 iratos
442 2341 550 2402 Troica
572 2339 681 2419 praeda
705 2342 788 2402 deos.

149 2425 193 2485 nd
215 2425 368 2485 Priamum
392 2427 475 2486 missi
497 2424 655 2487 Diomedes
677 2433 747 2487 sunt
769 2433 798 2486 et
820 2423 920 2486 Ulixes

191 2508 286 2569 Ambo
308 2509 438 2579 lacundi,
461 2510 541 2572 ierre
565 2509 687 2571 terenda
709 2507 807 2589 probi.

160 2654 335 2710 ACHILLES
351 2656 399 2710 ET
418 2655 603 2712 Taburnus
620 2654 839 2711 MITTUNTUR
856 2657 895 2710 IN
913 2657 1097 2727 malens)

152 2765 185 2824 ln
209 2761 329 2841 Mysiam
354 2762 516 2841 Telephum
540 2763 649 2824 direxit
670 2780 722 2822 rex
746 2770 775 2822 et
796 2759 939 2823 Achillem

192 2848 295 2916 Urere,
319 2847 466 2923 praedari,
489 2846 618 2908 subdere
641 2854 749 2907 cuncta
771 2848 848 2906 neci.
1063 2856 1115 2906 320

216 3050 275 3100 293.
304 3046 473 3098 Philoctetes
496 3048 632 3099 eDarete
655 3063 704 3112 pro
723 3046 782 3098 eod.
800 3047 984 3099 Philoctetes.
1053 3018 1112 3100 aaa.

149 3122 296 3169 nautarum
316 3130 351 3164 ex
368 3115 492 3180 margine
509 3131 559 3182 pro
576 3115 637 3165 cod.
655 3119 807 3169 nautatum.
877 3118 936 3167 296.
960 3114 1053 3168 Ovidii
1072 3121 1115 3167 est

146 3182 261 3236 Heroid.
280 3183 345 3244 ΧΠ,
362 3184 388 3233 8.
458 3185 516 3234 298.
535 3199 570 3233 ex
587 3185 709 3249 margine
728 3197 777 3248 pro
795 3184 905 3234 sasitae.
974 3185 1033 3237 306.
1050 3198 1114 3234 rara

150 3267 185 3302 ex
201 3250 328 3316 margine
346 3265 397 3317 pro
415 3255 486 3309 rata,
504 3250 577 3315 quod
596 3249 802 3316 significatione
819 3249 934 3312 ‚,lirma“
951 3257 1045 3317 aptum
1063 3251 1114 3302 sed
1187 3273 1188 3278 ¹

148 3323 237 3370 metro
256 3315 336 3383 (rita)
354 3317 551 3368 inconveniens
569 3324 652 3368 esset.
722 3320 781 3371 313.
799 3316 857 3372 cod.
875 3318 1000 3368 Reddere
1017 3320 1042 3368 ei
1053 3319 1114 3370 vult

148 3387 285 3438 Helenam
298 3391 352 3440 ete.
386 3387 445 3436 am.
457 3385 565 3436 Lucani
576 3392 620 3437 aet
628 3385 724 3440 Phara.
736 3387 866 3450 v11,348.
902 3388 960 3437 319.
972 3387 1112 3437 Moesiam.

215 3453 240 3517 ¹)
262 3453 394 3520 Mysiam,
411 3467 481 3518 nou,
500 3452 572 3518 quod
590 3453 677 3504 codex
695 3459 729 3503 et*
740 3453 830 3504 Dares
848 3454 953 3505 babent
969 3453 1112 3518 Moesiam,

198 3541 291 3585 Troilus.
893 3541 910 3589 4
