2618 3984
375 251 381 263 i
434 205 496 257 Lib.
514 205 565 258 ΠΙ.
600 220 626 258 v.
644 203 787 259 ert-448.

129 361 266 422 Hectora·
280 367 438 424 cernentes
460 359 582 444 minime
604 357 727 436 prodire
749 355 866 434 Pelasgi

171 446 313 506 Insistunt
334 443 503 522 Phrygibus
525 445 678 521 asperiore
700 440 758 502 siti.

130 523 281 614 beacides,
305 529 398 590 Danai
419 527 587 608 protendite
610 525 748 588 brachia!
771 525 887 592 clamat,

174 611 303 690 Velaqne
326 614 376 674 dat
398 613 530 693 quamvis
551 613 665 688 remige
687 613 770 672 navis
792 617 858 681 eat;

130 698 191 760 Neo
213 707 297 760 vacat
319 701 350 759 in
373 697 452 759 bello
475 714 529 756 sua
551 695 682 764 dextera,
706 696 820 756 fortiter
842 695 906 772 ipse

173 783 312 844 Fortibus
336 783 477 850 occurrit,
499 781 613 841 lrostica
636 778 712 841 eolla
735 782 828 840 metit.

112 869 164 928 ‘ln
187 867 283 928 vultus
306 866 386 928 eadit
407 864 457 926 ille
481 883 560 933 suos,
584 857 771 942 calidumque
796 879 934 923 eruorem

174 953 234 1014 Ore
256 951 355 1019 vomit,
379 951 474 1011 rivum
499 951 652 1024 sanguinis
673 948 725 1008 ille
746 946 830 1008 bibit.

132 1037 189 1100 llic
211 1036 283 1106 obit,
307 1035 358 1098 lrio
381 1034 464 1105 obiit,
487 1033 535 1095 bic
561 1033 694 1114 palpitat,
720 1031 770 1094 ille
793 1032 928 1111 quiescit,

174 1120 328 1182 Grudeseit
351 1138 483 1199 campus,
506 1121 650 1196 sanguine
672 1127 773 1179 manat
796 1117 914 1178 huntus.

132 1204 306 1266 Succumbit
326 1202 456 1282 Trojana
478 1221 594 1272 manus,
620 1204 774 1283 sparsique
797 1200 890 1280 legati

173 1289 196 1350 A
220 1289 327 1350 Danais
349 1289 458 1349 Teucri
482 1290 573 1349 caede
595 1306 684 1348 ruere
706 1289 800 1362 gravi.

131 1374 284 1452 Incipiunt
306 1371 420 1434 ululare
443 1373 575 1452 Phryges
597 1375 726 1434 infausta
749 1373 881 1439 boantes,

136 1467 140 1472 “
174 1459 236 1520 lam
257 1457 313 1519 sibi
337 1456 502 1519 debuerant
524 1475 607 1536 spem
630 1460 766 1536 posuisse
788 1456 899 1532 lugan-r.
1056 1521 1076 1540 ,ι

306 1635 368 1692 HIC
388 1637 537 1694 HECTOR
555 1636 669 1692 VENIT
688 1636 739 1690 AD
757 1635 923 1695 PUcNAM.

133 1759 246 1820 Hector
268 1767 302 1819 ut
325 1759 439 1837 accepit
461 1775 600 1821 oceasum
624 1757 701 1828 bella
723 1761 831 1820 minari

175 1843 315 1910 Troibus,
339 1843 467 1920 accingit
488 1841 622 1918 gnaviter
644 1858 714 1904 ense
737 1841 823 1904 latus.
870 1867 872 1874 ⁸

132 1926 236 1988 Evolat
259 1929 418 1993 accinctus,
442 1927 622 2006 veniensque
644 1924 740 1989 leonis
763 1926 798 1991 ad
821 1930 915 1988 instar

176 2011 209 2071 ln
232 2009 303 2074 belli
327 2008 427 2070 medio
449 2008 589 2072 fulminat
612 2028 682 2074 ense
705 2011 785 2078 lero:

133 2095 265 2163 Percutit
287 2102 316 2154 et
338 2100 445 2157 mactat
468 2103 497 2156 et
519 2096 663 2170 sanguine
685 2095 809 2160 vulnera
831 2095 925 2166 larat;

177 2179 270 2247 Potio,
295 2191 383 2258 quarn
407 2181 522 2248 miscet,
546 2178 650 2258 pocula
674 2181 778 2241 mortis
799 2179 900 2244 habet.

132 2263 280 2342 Principis
302 2261 429 2323 adventu
451 2261 608 2327 redierunt
631 2264 720 2326 corda
744 2266 885 2335 virorum,

175 2347 226 2408 list
248 2351 279 2407 in
302 2353 375 2406 rem'
390 2365 505 2428 pugnae
529 2365 597 2428 spes
619 2351 728 2411 uariata
753 2349 854 2428 lugae.
1001 2423 1002 2430 ἵ

132 2430 252 2492 Prosilit
274 2430 418 2492 illustrem
442 2435 525 2494 ierus
548 2431 657 2498 Hector
679 2435 709 2494 in
733 2434 934 2506 idomeneum,

175 2514 291 2594 Dejieit,
316 2515 477 2578 obtruncat
500 2526 529 2576 et
551 2518 626 2595 pede
650 2519 743 2580 calcat
766 2537 844 2581 euru.

131 2599 254 2680 lphidus
276 2599 425 2661 Hectoreo
448 2602 480 2662 fit
501 2603 617 2662 saucius
641 2621 729 2674 ense;
744 2603 882 2684 Leonte!

161 2683 287 2753 Nescis,
312 2684 391 2763 qued
414 2683 550 2765 scapulas
572 2687 676 2749 dissuit
698 2686 747 2748 ille
770 2687 844 2748 tibi?

132 2767 191 2828 Sed
214 2768 358 2838 Stheneli,
383 2771 468 2830 cuius
490 2769 582 2831 voluit
603 2771 778 2849 transfigere
803 2780 946 2841 ventrem,

175 2850 329 2913 bilebente
350 2871 440 2914 mauu
463 2855 597 2932 perforat
620 2873 692 2918 ense
713 2857 822 2916 lemur.
935 2845 942 2854 ”

130 3005 335 3016 ψ

198 3089 257 3140 429.
277 3087 397 3154 palpitat
416 3105 430 3140 e
449 3091 573 3153 margine
592 3107 653 3156 pro:
672 3091 811 3156 palmites.
864 3093 923 3144 tet.
944 3107 959 3142 e
977 3092 1099 3158 margine

130 3167 195 3221 pro:
215 3153 351 3208 eucbabit.
426 3158 485 3208 432.
504 3173 554 3222 pro
573 3159 661 3214 codic,
680 3159 788 3214 Treuei.
868 3161 929 3212 tte.
947 3161 1034 3214 Dares
1052 3175 1099 3210 no·

129 3222 331 3342 rgteerpegpbinoi
352 3222 447 3278 hebet,
516 3227 574 3276 446.
599 3225 662 3276 (lod.
685 3227 754 3292 ipse.
824 3228 882 3278 etr.
902 3228 940 3279 st.
965 3243 1013 3293 pro
1039 3229 1098 3282 cod.
