2616 3980
428 265 490 316 Lib.
508 265 544 315 11.
579 281 603 318 v.
626 266 768 318 123-150.

125 415 248 476 Sudavit
270 415 383 476 nostris
405 433 460 495 pro
482 425 512 475 tc
534 415 731 478 Rainrundusl
755 421 785 478 iu
809 418 912 486 armis;

168 499 231 560 Scit
251 498 306 560 tibi
329 499 375 560 bis
397 499 475 560 binis
497 503 542 560 irc
564 500 708 580 quadriga
730 503 813 562 rotis.

125 584 261 662 Occupat
283 591 445 650 extremum
469 583 594 653 scabies,
618 586 688 660 quia
710 585 795 646 ducis
817 586 846 646 in
870 583 967 648 aulam
1039 594 1087 643 125

167 667 352 748 Proscriptus
374 675 506 729 nostram
530 685 595 728 rem
617 669 770 729 recitando
792 686 886 730 ream.

17 755 21 763 '
122 752 176 812 Est
198 751 251 812 tibi
272 755 484 830 grammaticae
508 753 597 814 nimis
619 760 700 814 artus
722 753 829 813 fertilis
851 752 965 824 hortus,

165 837 222 906 Qui
245 836 354 915 quibus
377 844 407 897 ct
429 836 545 916 quabus
567 854 655 896 omne
678 839 830 898 ministrat
852 837 927 899 olus.

123 921 165 980 dn
189 915 247 980 nort
272 938 326 999 pro
349 921 440 980 verbo
462 921 593 981 didicisti
617 938 737 991 sumere
759 921 882 982 verbum

96 1009 98 1014 '
165 1005 203 1066 Ut
225 1014 346 1066 teneant
368 1007 522 1084 proprium
545 1004 661 1080 singula
685 1022 821 1083 quaeque
843 1005 960 1068 locum?
1036 1016 1086 1066 130

121 1089 256 1150 Territus
279 1090 325 1150 bis
345 1086 460 1168 jaculis,
483 1091 596 1150 cessari
616 1108 743 1168 ponere:
766 1092 892 1169 perti-

163 1173 226 1234 Nax
249 1191 365 1252 ponens
388 1175 450 1235 eius
474 1175 593 1234 nominc
615 1183 715 1235 mente
734 1184 834 1236 tenax.
958 1167 982 1178 ”

116 1255 280 1318 Crudelem
301 1259 325 1316 si
349 1259 415 1318 dico
439 1259 544 1328 virum,
568 1259 593 1318 si
615 1258 682 1318 dico
704 1259 818 1320 virilem

164 1339 216 1400 Vel
238 1343 263 1402 si
287 1344 427 1410 virosum.
451 1342 577 1402 sustinet
599 1340 649 1402 illa
672 1350 811 1404 metrum.

403 1521 526 1577 NAVES
543 1523 800 1582 REPARANTUR.

120 1645 175 1703 Pes
198 1646 291 1705 scitus
313 1650 343 1704 et
365 1643 507 1723 querulus
529 1644 646 1705 Danaos
667 1643 856 1707 convulserat
877 1665 981 1708 omnes
1035 1657 1084 1704 135

162 1727 238 1788 Relli
259 1727 420 1806 participes
442 1728 600 1788 aedilicare
622 1738 712 1797 rates,

119 1811 220 1872 Currit
241 1813 277 1871 ad
300 1811 438 1872 incudem
461 1813 581 1891 quaevis
603 1811 769 1891 reparanda
792 1812 939 1893 bipennis,

161 1893 284 1955 Malleus
307 1892 398 1970 afiligi
420 1911 452 1953 se
474 1892 555 1953 dolet
576 1903 640 1955 arte
663 1894 751 1955 labri.

121 1977 256 2039 Rnncina
278 1975 381 2038 lambit
403 1994 495 2055 aquas
519 1986 548 2038 ct
570 1979 643 2038 lerri
665 1984 805 2058 provocat
826 1979 894 2050 iras,
952 2045 957 2056 ¹

162 2061 200 2122 Ut
221 2059 294 2139 ligni
316 2059 451 2121 manibus
473 2071 587 2138 pugnet
609 2065 640 2122 in
663 2081 752 2124 omne
774 2082 888 2129 nemus.
946 2055 952 2065 ’
1034 2074 1083 2124 140

120 2144 276 2225 Nunquam
299 2147 453 2206 conferret
473 2153 518 2207 tot
540 2144 614 2208 silva
636 2147 792 2208 manubria
815 2150 906 2220 terro,

162 2230 193 2290 Si
216 2247 268 2290 sua
290 2233 382 2290 sciret
403 2248 438 2289 eo
461 2229 587 2292 maxima
610 2230 716 2293 damna
739 2232 815 2293 data.

91 2383 95 2390 ,
117 2314 234 2374 itur-iu
256 2316 404 2394 antiquam
428 2314 544 2382 silvam;
569 2313 705 2395 conjurat
726 2317 757 2377 in
779 2317 872 2397 ipsam

159 2398 309 2460 Plurimus
332 2408 361 2458 et
383 2400 496 2478 pariter
518 2399 630 2478 absque
651 2410 755 2479 tepore
777 2401 870 2464 iabcr.

118 2481 272 2544 lnsolitum
295 2484 407 2563 patitur
428 2486 518 2563 pinus
540 2492 639 2545 secata
661 2487 768 2556 securi,
1031 2495 1080 2545 145

72 2579 75 2584 ·
160 2567 398 2644 Immensumque
420 2585 514 2628 ruens
536 2577 662 2648 occupat
683 2585 776 2630 ornus
798 2569 930 2632 bumum.

117 2652 163 2712 Fit
184 2653 287 2728 fragor
309 2653 340 2710 in
363 2651 453 2721 silvis,
476 2655 537 2713 taxi
560 2660 738 2732 torquentur
759 2654 789 2714 io
812 2672 908 2726 arcus,

159 2736 287 2796 Currere
309 2737 390 2812 cogit
412 2754 487 2816 opus
509 2733 705 2817 multiplicata
728 2755 842 2799 manus.

117 2819 150 2879 ln
175 2820 297 2881 classem
320 2819 400 2880 cadit
421 2839 510 2881 omne
532 2839 647 2890 nemus,
670 2821 748 2882 volat
770 2823 802 2881 in
824 2839 908 2883 marc
929 2839 1058 2902 quercus

159 2903 284 2964 Portant
305 2904 436 2964 insuetas
459 2912 544 2966 taxus
568 2914 598 2966 ct
619 2904 704 2968 alnus
726 2924 833 2986 aquas:
1031 2916 1080 2965 150

115 3055 318 3064 ——m

185 3139 242 3191 123.
268 3138 330 3202 quis
356 3138 394 3188 sit
419 3137 465 3189 bic
488 3139 675 3202 Raymundos,
698 3142 843 3193 noscimus.
914 3142 972 3193 125.
990 3139 1079 3208 prima

116 3221 181 3270 pars
200 3211 244 3256 est
261 3207 374 3258 Horatii
396 3207 427 3258 A.
445 3206 476 3256 Ρ.
494 3209 553 3257 417.
626 3211 683 3258 127.
711 3211 741 3258 in
762 3210 900 3276 mergium
928 3210 994 3273 quia
1017 3225 1079 3275 por·

116 3274 194 3323 tinax
211 3275 240 3324 in
257 3278 374 3324 metrum
391 3274 457 3338 poni
474 3289 528 3324 non
546 3280 649 3339 potest.
685 3279 741 3331 142,
760 3277 829 3326 data
841 3291 890 3342 pro
901 3275 975 3332 doto.
1019 3279 1077 3332 143.

114 3343 146 3390 it.
165 3342 194 3390 in
213 3345 269 3391 ant.
292 3339 361 3404 sylv.
382 3357 397 3391 e
416 3340 516 3405 Virgil.
535 3343 605 3394 Aen.
623 3343 671 3406 Vi,
691 3345 748 3393 1⁷9.
822 3346 879 3396 144.
902 3343 969 3395 uod.
986 3345 1080 3396 Pruri-

113 3423 180 3458 mus.
235 3410 292 3462 145.
305 3406 371 3457 Ood.
383 3407 533 3459 insolitam.
586 3411 643 3464 14⁷.
662 3409 712 3462 Or.
722 3412 789 3464 Met.
801 3411 821 3472 Ι,
833 3413 892 3463 268.
909 3412 957 3462 Pit
973 3412 1076 3478 fragor.

113 3475 190 3540 Virg.
206 3475 287 3530 Geor.
297 3475 332 3536 11,
348 3477 399 3526 448
410 3481 467 3530 tax.
479 3481 548 3539 torq.
561 3476 590 3525 in
608 3491 664 3531 arc.
717 3480 775 3530 149.
793 3479 917 3530 Guolter.
931 3478 1077 3530 Alexandr.

114 3542 148 3606 X,
174 3543 235 3594 188:
271 3542 304 3592 In
327 3542 445 3593 classem
466 3542 543 3594 cadit
561 3558 640 3594 omne
658 3560 766 3610 nemus,
791 3550 885 3612 stupet
903 3561 968 3597 aare
985 3546 1077 3598 tellus.
