<?xml version="1.0" encoding="UTF-8"?>
<!DOCTYPE html PUBLIC "-//W3C//DTD XHTML 1.0 Transitional//EN"
    "http://www.w3.org/TR/xhtml1/DTD/xhtml1-transitional.dtd">
<html xmlns="http://www.w3.org/1999/xhtml" xml:lang="en" lang="en">
 <head>
  <title>
</title>
<meta http-equiv="Content-Type" content="text/html;charset=utf-8" />
  <meta name='ocr-system' content='tesseract 3.04.00' />
  <meta name='ocr-capabilities' content='ocr_page ocr_carea ocr_par ocr_line ocrx_word'/>
</head>
<body>
  <div class='ocr_page' id='page_1' title='image "./troilusalbertis00albegoog_0008.png"; bbox 0 0 2616 3980; ppageno 0'>
   <div class='ocr_carea' id='block_1_1' title="bbox 443 782 760 920">
    <p class='ocr_par' dir='ltr' id='par_1_1' title="bbox 443 782 760 920">
     <span class='ocr_line' id='line_1_1' title="bbox 443 782 760 920; baseline -0.006 -2"><span class='ocrx_word' id='word_1_1' title='bbox 443 782 445 786; x_wconf 11' lang='lat' dir='ltr'><em>r</em></span> <span class='ocrx_word' id='word_1_2' title='bbox 483 843 760 920; x_wconf 82' lang='lat' dir='ltr'><strong>PRAEFATIO.</strong></span> 
     </span>
    </p>
   </div>
   <div class='ocr_carea' id='block_1_2' title="bbox 98 1028 1152 3548">
    <p class='ocr_par' dir='ltr' id='par_1_2' title="bbox 98 1028 1152 2872">
     <span class='ocr_line' id='line_1_2' title="bbox 226 1028 1108 1110; baseline -0.005 -18"><span class='ocrx_word' id='word_1_3' title='bbox 226 1033 368 1110; x_wconf 77' lang='lat' dir='ltr'><strong>Magister</strong></span> <span class='ocrx_word' id='word_1_4' title='bbox 397 1029 538 1090; x_wconf 60' lang='lat' dir='ltr'><strong>eilbertus</strong></span> <span class='ocrx_word' id='word_1_5' title='bbox 566 1029 730 1090; x_wconf 89' lang='lat' dir='ltr'><strong>monachus</strong></span> <span class='ocrx_word' id='word_1_6' title='bbox 758 1028 873 1090; x_wconf 88' lang='lat' dir='ltr'><strong>ordinis</strong></span> <span class='ocrx_word' id='word_1_7' title='bbox 895 1029 990 1090; x_wconf 86' lang='lat' dir='ltr'><strong>sancti</strong></span> <span class='ocrx_word' id='word_1_8' title='bbox 1014 1029 1108 1091; x_wconf 89' lang='lat' dir='ltr'><strong>Bene·</strong></span> 
     </span>
     <span class='ocr_line' id='line_1_3' title="bbox 145 1111 1109 1193; baseline -0.004 -17"><span class='ocrx_word' id='word_1_9' title='bbox 145 1117 216 1177; x_wconf 90' lang='lat' dir='ltr'><strong>dicti</strong></span> <span class='ocrx_word' id='word_1_10' title='bbox 242 1135 259 1175; x_wconf 90' lang='lat' dir='ltr'><strong>e</strong></span> <span class='ocrx_word' id='word_1_11' title='bbox 288 1133 398 1193; x_wconf 82' lang='lat' dir='ltr'><strong>genere</strong></span> <span class='ocrx_word' id='word_1_12' title='bbox 426 1112 544 1192; x_wconf 72' lang='lat' dir='ltr'><strong>plebeio</strong></span> <span class='ocrx_word' id='word_1_13' title='bbox 573 1113 716 1174; x_wconf 87' lang='lat' dir='ltr'><strong>oriundus</strong></span> <span class='ocrx_word' id='word_1_14' title='bbox 746 1121 873 1174; x_wconf 83' lang='lat' dir='ltr'><strong>exeunte</strong></span> <span class='ocrx_word' id='word_1_15' title='bbox 900 1111 1019 1174; x_wconf 88' lang='lat' dir='ltr'><strong>saeculo</strong></span> <span class='ocrx_word' id='word_1_16' title='bbox 1042 1119 1109 1193; x_wconf 86' lang='lat' dir='ltr'><strong>post</strong></span> 
     </span>
     <span class='ocr_line' id='line_1_4' title="bbox 143 1195 1107 1278; baseline -0.005 -16"><span class='ocrx_word' id='word_1_17' title='bbox 143 1201 251 1262; x_wconf 81' lang='lat' dir='ltr'>Christ.</span> <span class='ocrx_word' id='word_1_18' title='bbox 275 1207 334 1261; x_wconf 87' lang='lat' dir='ltr'><strong>nat.</strong></span> <span class='ocrx_word' id='word_1_19' title='bbox 360 1198 412 1258; x_wconf 90' lang='lat' dir='ltr'><strong>Xll</strong></span> <span class='ocrx_word' id='word_1_20' title='bbox 435 1201 466 1259; x_wconf 94' lang='lat' dir='ltr'><strong>in</strong></span> <span class='ocrx_word' id='word_1_21' title='bbox 489 1198 647 1260; x_wconf 81' lang='lat' dir='ltr'>Germania</span> <span class='ocrx_word' id='word_1_22' title='bbox 670 1195 896 1278; x_wconf 79' lang='lat' dir='ltr'><strong>septentrionali</strong></span> <span class='ocrx_word' id='word_1_23' title='bbox 919 1197 1033 1257; x_wconf 89' lang='lat' dir='ltr'><strong>videtur</strong></span> <span class='ocrx_word' id='word_1_24' title='bbox 1056 1213 1107 1257; x_wconf 91' lang='lat' dir='ltr'><strong>na·</strong></span> 
     </span>
     <span class='ocr_line' id='line_1_5' title="bbox 145 1280 1107 1354; baseline -0.005 -9"><span class='ocrx_word' id='word_1_25' title='bbox 145 1293 193 1346; x_wconf 92' lang='lat' dir='ltr'><strong>tus</strong></span> <span class='ocrx_word' id='word_1_26' title='bbox 215 1301 291 1345; x_wconf 86' lang='lat' dir='ltr'><strong>esse.</strong></span> <span class='ocrx_word' id='word_1_27' title='bbox 336 1283 400 1354; x_wconf 84' lang='lat' dir='ltr'><strong>Quo</strong></span> <span class='ocrx_word' id='word_1_28' title='bbox 424 1290 522 1344; x_wconf 89' lang='lat' dir='ltr'><strong>tamen</strong></span> <span class='ocrx_word' id='word_1_29' title='bbox 545 1283 611 1344; x_wconf 88' lang='lat' dir='ltr'><strong>loco</strong></span> <span class='ocrx_word' id='word_1_30' title='bbox 632 1280 739 1343; x_wconf 88' lang='lat' dir='ltr'><strong>litteris</strong></span> <span class='ocrx_word' id='word_1_31' title='bbox 760 1280 948 1350; x_wconf 79' lang='lat' dir='ltr'><strong>incubuerit,</strong></span> <span class='ocrx_word' id='word_1_32' title='bbox 972 1280 1023 1342; x_wconf 91' lang='lat' dir='ltr'><strong>ubi</strong></span> <span class='ocrx_word' id='word_1_33' title='bbox 1045 1297 1107 1342; x_wconf 87' lang='lat' dir='ltr'><strong>ma·</strong></span> 
     </span>
     <span class='ocr_line' id='line_1_6' title="bbox 142 1365 1107 1448; baseline -0.005 -20"><span class='ocrx_word' id='word_1_34' title='bbox 142 1370 264 1448; x_wconf 86' lang='lat' dir='ltr'><strong>gisterio</strong></span> <span class='ocrx_word' id='word_1_35' title='bbox 293 1375 415 1429; x_wconf 87' lang='lat' dir='ltr'><strong>ornatus</strong></span> <span class='ocrx_word' id='word_1_36' title='bbox 444 1369 497 1438; x_wconf 92' lang='lat' dir='ltr'><strong>sit,</strong></span> <span class='ocrx_word' id='word_1_37' title='bbox 527 1385 585 1428; x_wconf 92' lang='lat' dir='ltr'><strong>non</strong></span> <span class='ocrx_word' id='word_1_38' title='bbox 614 1374 738 1428; x_wconf 88' lang='lat' dir='ltr'><strong>constat.</strong></span> <span class='ocrx_word' id='word_1_39' title='bbox 783 1365 807 1426; x_wconf 86' lang='lat' dir='ltr'>E</span> <span class='ocrx_word' id='word_1_40' title='bbox 837 1367 936 1445; x_wconf 82' lang='lat' dir='ltr'>sagaci</span> <span class='ocrx_word' id='word_1_41' title='bbox 958 1365 1030 1427; x_wconf 90' lang='lat' dir='ltr'><strong>clari</strong></span> <span class='ocrx_word' id='word_1_42' title='bbox 1052 1367 1107 1424; x_wconf 89' lang='lat' dir='ltr'><strong>viri</strong></span> 
     </span>
     <span class='ocr_line' id='line_1_7' title="bbox 141 1449 1107 1532; baseline -0.003 -19"><span class='ocrx_word' id='word_1_43' title='bbox 141 1452 368 1532; x_wconf 79' lang='lat' dir='ltr'><strong>Lappenbergii</strong></span> <span class='ocrx_word' id='word_1_44' title='bbox 392 1469 472 1512; x_wconf 91' lang='lat' dir='ltr'><strong>nunc</strong></span> <span class='ocrx_word' id='word_1_45' title='bbox 495 1451 643 1520; x_wconf 81' lang='lat' dir='ltr'><strong>defuncti,</strong></span> <span class='ocrx_word' id='word_1_46' title='bbox 673 1452 819 1512; x_wconf 86' lang='lat' dir='ltr'><strong>sententia</strong></span> <span class='ocrx_word' id='word_1_47' title='bbox 842 1459 947 1512; x_wconf 90' lang='lat' dir='ltr'><strong>noster</strong></span> <span class='ocrx_word' id='word_1_48' title='bbox 969 1449 1107 1510; x_wconf 83' lang='lat' dir='ltr'><strong>Albertus</strong></span> 
     </span>
     <span class='ocr_line' id='line_1_8' title="bbox 142 1534 1109 1616; baseline -0.004 -18"><span class='ocrx_word' id='word_1_49' title='bbox 142 1539 283 1615; x_wconf 86' lang='lat' dir='ltr'><strong>magister</strong></span> <span class='ocrx_word' id='word_1_50' title='bbox 315 1536 365 1616; x_wconf 82' lang='lat' dir='ltr'><strong>illc</strong></span> <span class='ocrx_word' id='word_1_51' title='bbox 392 1536 531 1598; x_wconf 71' lang='lat' dir='ltr'><strong>ulbertus</strong></span> <span class='ocrx_word' id='word_1_52' title='bbox 558 1536 595 1597; x_wconf 89' lang='lat' dir='ltr'><strong>de</strong></span> <span class='ocrx_word' id='word_1_53' title='bbox 622 1535 742 1598; x_wconf 86' lang='lat' dir='ltr'><strong>Ramslo</strong></span> <span class='ocrx_word' id='word_1_54' title='bbox 770 1534 887 1595; x_wconf 90' lang='lat' dir='ltr'><strong>videtur</strong></span> <span class='ocrx_word' id='word_1_55' title='bbox 915 1535 1023 1605; x_wconf 90' lang='lat' dir='ltr'><strong>fuisse,</strong></span> <span class='ocrx_word' id='word_1_56' title='bbox 1056 1535 1109 1614; x_wconf 88' lang='lat' dir='ltr'><strong>qui</strong></span> 
     </span>
     <span class='ocr_line' id='line_1_9' title="bbox 142 1615 1107 1682; baseline -0.003 -1"><span class='ocrx_word' id='word_1_57' title='bbox 142 1624 221 1682; x_wconf 88' lang='lat' dir='ltr'><strong>inter</strong></span> <span class='ocrx_word' id='word_1_58' title='bbox 237 1621 414 1682; x_wconf 86' lang='lat' dir='ltr'><strong>Bremenses</strong></span> <span class='ocrx_word' id='word_1_59' title='bbox 437 1623 595 1682; x_wconf 89' lang='lat' dir='ltr'><strong>canonicos</strong></span> <span class='ocrx_word' id='word_1_60' title='bbox 617 1623 648 1680; x_wconf 92' lang='lat' dir='ltr'><strong>in</strong></span> <span class='ocrx_word' id='word_1_61' title='bbox 672 1621 773 1682; x_wconf 87' lang='lat' dir='ltr'><strong>charta</strong></span> <span class='ocrx_word' id='word_1_62' title='bbox 795 1615 1107 1680; x_wconf 68' lang='lat' dir='ltr'><strong>enormitatum</strong></span> 
     </span>
     <span class='ocr_line' id='line_1_10' title="bbox 142 1702 1123 1784; baseline -0.004 -18"><span class='ocrx_word' id='word_1_63' title='bbox 142 1703 184 1767; x_wconf 84' lang='lat'><strong>23</strong></span> <span class='ocrx_word' id='word_1_64' title='bbox 207 1705 274 1767; x_wconf 87' lang='lat' dir='ltr'><strong>data</strong></span> <span class='ocrx_word' id='word_1_65' title='bbox 304 1707 512 1784; x_wconf 86' lang='lat' dir='ltr'><strong>„praepositus</strong></span> <span class='ocrx_word' id='word_1_66' title='bbox 533 1703 956 1768; x_wconf 54' lang='lat' dir='ltr'><strong>itemstoensiswnomtnatur</strong></span> <span class='ocrx_word' id='word_1_67' title='bbox 986 1711 1015 1763; x_wconf 87' lang='lat' dir='ltr'><strong>et</strong></span> <span class='ocrx_word' id='word_1_68' title='bbox 1037 1702 1123 1763; x_wconf 87' lang='lat' dir='ltr'><strong>iude.</strong></span> 
     </span>
     <span class='ocr_line' id='line_1_11' title="bbox 145 1785 1110 1866; baseline -0.003 -16"><span class='ocrx_word' id='word_1_69' title='bbox 145 1789 182 1850; x_wconf 87' lang='lat' dir='ltr'><strong>ab</strong></span> <span class='ocrx_word' id='word_1_70' title='bbox 213 1795 290 1850; x_wconf 87' lang='lat' dir='ltr'><strong>auno</strong></span> <span class='ocrx_word' id='word_1_71' title='bbox 315 1785 397 1849; x_wconf 89' lang='grc'>1206</span> <span class='ocrx_word' id='word_1_72' title='bbox 425 1789 559 1866; x_wconf 83' lang='lat' dir='ltr'><strong>magistri</strong></span> <span class='ocrx_word' id='word_1_73' title='bbox 585 1787 671 1849; x_wconf 91' lang='lat' dir='ltr'><strong>titulo</strong></span> <span class='ocrx_word' id='word_1_74' title='bbox 700 1806 760 1849; x_wconf 90' lang='lat' dir='ltr'><strong>non</strong></span> <span class='ocrx_word' id='word_1_75' title='bbox 784 1786 906 1866; x_wconf 54' lang='lat' dir='ltr'><strong>,adjecto</strong></span> <span class='ocrx_word' id='word_1_76' title='bbox 930 1804 1110 1848; x_wconf 89' lang='lat' dir='ltr'><strong>commemo·</strong></span> 
     </span>
     <span class='ocr_line' id='line_1_12' title="bbox 98 1871 1109 1951; baseline -0.004 -18"><span class='ocrx_word' id='word_1_77' title='bbox 98 1881 100 1888; x_wconf 82' lang='lat'>&#39;</span> <span class='ocrx_word' id='word_1_78' title='bbox 145 1881 241 1933; x_wconf 84' lang='lat' dir='ltr'><strong>ratur.</strong></span> <span class='ocrx_word' id='word_1_79' title='bbox 286 1871 459 1932; x_wconf 90' lang='lat' dir='ltr'><strong>Monasterii</strong></span> <span class='ocrx_word' id='word_1_80' title='bbox 473 1881 592 1933; x_wconf 87' lang='lat' dir='ltr'><strong>sanctae</strong></span> <span class='ocrx_word' id='word_1_81' title='bbox 607 1871 719 1932; x_wconf 86' lang='lat' dir='ltr'><strong>Mariae</strong></span> <span class='ocrx_word' id='word_1_82' title='bbox 742 1871 895 1931; x_wconf 89' lang='lat' dir='ltr'><strong>Stadensis</strong></span> <span class='ocrx_word' id='word_1_83' title='bbox 917 1871 1000 1951; x_wconf 89' lang='lat' dir='ltr'><strong>prior</strong></span> <span class='ocrx_word' id='word_1_84' title='bbox 1017 1872 1109 1930; x_wconf 86' lang='lat' dir='ltr'><strong>factus</strong></span> 
     </span>
     <span class='ocr_line' id='line_1_13' title="bbox 143 1950 1111 2034; baseline -0.001 -18"><span class='ocrx_word' id='word_1_85' title='bbox 143 1959 174 2018; x_wconf 92' lang='lat' dir='ltr'><strong>in</strong></span> <span class='ocrx_word' id='word_1_86' title='bbox 206 1955 415 2034; x_wconf 71' lang='lat' dir='ltr'><strong>christophori</strong></span> <span class='ocrx_word' id='word_1_87' title='bbox 446 1954 561 2016; x_wconf 87' lang='lat' dir='ltr'><strong>abbatis</strong></span> <span class='ocrx_word' id='word_1_88' title='bbox 583 1974 607 2016; x_wconf 92' lang='lat' dir='ltr'><strong>a.</strong></span> <span class='ocrx_word' id='word_1_89' title='bbox 632 1955 661 2016; x_wconf 89' lang='lat' dir='ltr'><strong>d.</strong></span> <span class='ocrx_word' id='word_1_90' title='bbox 683 1952 714 2015; x_wconf 83' lang='lat'><strong>4.</strong></span> <span class='ocrx_word' id='word_1_91' title='bbox 736 1955 800 2016; x_wconf 87' lang='lat' dir='ltr'><strong>Kal.</strong></span> <span class='ocrx_word' id='word_1_92' title='bbox 822 1955 895 2032; x_wconf 76' lang='lat' dir='ltr'><strong>Aug.</strong></span> <span class='ocrx_word' id='word_1_93' title='bbox 928 1950 1111 2027; x_wconf 66' lang='grc'>1111161232</span> 
     </span>
     <span class='ocr_line' id='line_1_14' title="bbox 145 2037 1107 2116; baseline -0.002 -16"><span class='ocrx_word' id='word_1_94' title='bbox 145 2041 276 2100; x_wconf 81' lang='lat' dir='ltr'><strong>defuncti</strong></span> <span class='ocrx_word' id='word_1_95' title='bbox 298 2038 396 2100; x_wconf 90' lang='lat' dir='ltr'><strong>locum</strong></span> <span class='ocrx_word' id='word_1_96' title='bbox 419 2041 562 2100; x_wconf 89' lang='lat' dir='ltr'><strong>successit</strong></span> <span class='ocrx_word' id='word_1_97' title='bbox 589 2048 619 2100; x_wconf 89' lang='lat' dir='ltr'><strong>et</strong></span> <span class='ocrx_word' id='word_1_98' title='bbox 641 2057 656 2100; x_wconf 97' lang='lat' dir='ltr'><strong>a</strong></span> <span class='ocrx_word' id='word_1_99' title='bbox 679 2038 824 2102; x_wconf 85' lang='lat' dir='ltr'><strong>Balduino</strong></span> <span class='ocrx_word' id='word_1_100' title='bbox 847 2039 987 2100; x_wconf 88' lang='lat' dir='ltr'><strong>Livoniae</strong></span> <span class='ocrx_word' id='word_1_101' title='bbox 1008 2037 1107 2116; x_wconf 81' lang='lat' dir='ltr'><strong>legato</strong></span> 
     </span>
     <span class='ocr_line' id='line_1_15' title="bbox 145 2120 1110 2186; baseline 0.001 -2"><span class='ocrx_word' id='word_1_102' title='bbox 145 2123 298 2185; x_wconf 87' lang='lat' dir='ltr'><strong>ordinatus</strong></span> <span class='ocrx_word' id='word_1_103' title='bbox 327 2133 381 2186; x_wconf 90' lang='lat' dir='ltr'><strong>est.</strong></span> <span class='ocrx_word' id='word_1_104' title='bbox 427 2126 512 2185; x_wconf 85' lang='lat' dir='ltr'><strong>Anno</strong></span> <span class='ocrx_word' id='word_1_105' title='bbox 542 2120 625 2185; x_wconf 85' lang='grc'>1234</span> <span class='ocrx_word' id='word_1_106' title='bbox 656 2125 769 2184; x_wconf 90' lang='lat' dir='ltr'><strong>curiam</strong></span> <span class='ocrx_word' id='word_1_107' title='bbox 803 2121 966 2184; x_wconf 85' lang='lat' dir='ltr'>Romanam</span> <span class='ocrx_word' id='word_1_108' title='bbox 996 2123 1110 2185; x_wconf 86' lang='lat' dir='ltr'><strong>adiisse</strong></span> 
     </span>
     <span class='ocr_line' id='line_1_16' title="bbox 145 2207 1108 2289; baseline -0.002 -19"><span class='ocrx_word' id='word_1_109' title='bbox 145 2217 234 2289; x_wconf 86' lang='lat' dir='ltr'><strong>atque</strong></span> <span class='ocrx_word' id='word_1_110' title='bbox 257 2210 383 2270; x_wconf 88' lang='lat' dir='ltr'><strong>fratrum</strong></span> <span class='ocrx_word' id='word_1_111' title='bbox 406 2209 555 2270; x_wconf 92' lang='lat' dir='ltr'><strong>minorum</strong></span> <span class='ocrx_word' id='word_1_112' title='bbox 579 2208 713 2269; x_wconf 90' lang='lat' dir='ltr'><strong>ordinem</strong></span> <span class='ocrx_word' id='word_1_113' title='bbox 736 2209 893 2269; x_wconf 87' lang='lat' dir='ltr'><strong>intravisse</strong></span> <span class='ocrx_word' id='word_1_114' title='bbox 916 2207 1033 2286; x_wconf 88' lang='lat' dir='ltr'><strong>ipsein</strong></span> <span class='ocrx_word' id='word_1_115' title='bbox 1057 2225 1108 2268; x_wconf 92' lang='lat' dir='ltr'><strong>an-</strong></span> 
     </span>
     <span class='ocr_line' id='line_1_17' title="bbox 144 2289 1106 2362; baseline -0.002 -7"><span class='ocrx_word' id='word_1_116' title='bbox 144 2292 261 2355; x_wconf 89' lang='lat' dir='ltr'><strong>nalibus</strong></span> <span class='ocrx_word' id='word_1_117' title='bbox 290 2293 325 2354; x_wconf 96' lang='lat' dir='ltr'><strong>ad</strong></span> <span class='ocrx_word' id='word_1_118' title='bbox 355 2310 423 2354; x_wconf 90' lang='lat' dir='ltr'><strong>aun.</strong></span> <span class='ocrx_word' id='word_1_119' title='bbox 457 2289 539 2354; x_wconf 89' lang='grc'>1240</span> <span class='ocrx_word' id='word_1_120' title='bbox 565 2300 684 2362; x_wconf 89' lang='lat' dir='ltr'><strong>narrat,</strong></span> <span class='ocrx_word' id='word_1_121' title='bbox 716 2292 754 2353; x_wconf 89' lang='lat' dir='ltr'><strong>de</strong></span> <span class='ocrx_word' id='word_1_122' title='bbox 781 2293 888 2353; x_wconf 88' lang='lat' dir='ltr'><strong>itinere</strong></span> <span class='ocrx_word' id='word_1_123' title='bbox 915 2290 965 2352; x_wconf 96' lang='lat' dir='ltr'><strong>illo</strong></span> <span class='ocrx_word' id='word_1_124' title='bbox 995 2298 1106 2362; x_wconf 91' lang='lat' dir='ltr'><strong>tamen,</strong></span> 
     </span>
     <span class='ocr_line' id='line_1_18' title="bbox 144 2373 1107 2458; baseline -0.001 -21"><span class='ocrx_word' id='word_1_125' title='bbox 144 2378 222 2458; x_wconf 87' lang='lat' dir='ltr'><strong>quod</strong></span> <span class='ocrx_word' id='word_1_126' title='bbox 244 2375 379 2440; x_wconf 91' lang='lat' dir='ltr'><strong>nonnulli</strong></span> <span class='ocrx_word' id='word_1_127' title='bbox 402 2395 471 2439; x_wconf 91' lang='lat' dir='ltr'><strong>eum</strong></span> <span class='ocrx_word' id='word_1_128' title='bbox 496 2393 573 2437; x_wconf 84' lang='lat' dir='ltr'><strong>anno</strong></span> <span class='ocrx_word' id='word_1_129' title='bbox 597 2373 679 2438; x_wconf 83' lang='lat'>1238</span> <span class='ocrx_word' id='word_1_130' title='bbox 708 2395 777 2438; x_wconf 94' lang='lat' dir='ltr'><strong>cum</strong></span> <span class='ocrx_word' id='word_1_131' title='bbox 800 2376 934 2456; x_wconf 79' lang='lat' dir='ltr'><strong>Adolpho</strong></span> <span class='ocrx_word' id='word_1_132' title='bbox 958 2375 1107 2437; x_wconf 86' lang='lat' dir='ltr'><strong>Holsatiae</strong></span> 
     </span>
     <span class='ocr_line' id='line_1_19' title="bbox 146 2459 1109 2532; baseline -0.002 -10"><span class='ocrx_word' id='word_1_133' title='bbox 146 2463 253 2523; x_wconf 87' lang='lat' dir='ltr'><strong>comite</strong></span> <span class='ocrx_word' id='word_1_134' title='bbox 282 2463 388 2522; x_wconf 88' lang='lat' dir='ltr'><strong>fecisse</strong></span> <span class='ocrx_word' id='word_1_135' title='bbox 411 2478 472 2522; x_wconf 93' lang='lat' dir='ltr'><strong>non</strong></span> <span class='ocrx_word' id='word_1_136' title='bbox 495 2460 697 2523; x_wconf 89' lang='lat' dir='ltr'><strong>verisimiliter</strong></span> <span class='ocrx_word' id='word_1_137' title='bbox 718 2461 853 2532; x_wconf 89' lang='lat' dir='ltr'><strong>tradunt,</strong></span> <span class='ocrx_word' id='word_1_138' title='bbox 883 2459 957 2521; x_wconf 92' lang='lat' dir='ltr'><strong>nihil</strong></span> <span class='ocrx_word' id='word_1_139' title='bbox 979 2479 1109 2521; x_wconf 88' lang='lat' dir='ltr'><strong>comme·</strong></span> 
     </span>
     <span class='ocr_line' id='line_1_20' title="bbox 147 2542 1152 2626; baseline -0.003 -19"><span class='ocrx_word' id='word_1_140' title='bbox 147 2554 254 2608; x_wconf 90' lang='lat' dir='ltr'><strong>morat.</strong></span> <span class='ocrx_word' id='word_1_141' title='bbox 296 2546 403 2606; x_wconf 87' lang='lat' dir='ltr'><strong>Munus</strong></span> <span class='ocrx_word' id='word_1_142' title='bbox 433 2545 548 2606; x_wconf 89' lang='lat' dir='ltr'><strong>abbatis</strong></span> <span class='ocrx_word' id='word_1_143' title='bbox 575 2563 642 2606; x_wconf 90' lang='lat' dir='ltr'><strong>ann.</strong></span> <span class='ocrx_word' id='word_1_144' title='bbox 675 2542 757 2606; x_wconf 87' lang='grc'>1242</span> <span class='ocrx_word' id='word_1_145' title='bbox 785 2545 925 2626; x_wconf 85' lang='lat' dir='ltr'><strong>deposuit</strong></span> <span class='ocrx_word' id='word_1_146' title='bbox 953 2552 983 2605; x_wconf 89' lang='lat' dir='ltr'><strong>et</strong></span> <span class='ocrx_word' id='word_1_147' title='bbox 1016 2553 1111 2605; x_wconf 89' lang='lat' dir='ltr'><strong>totum</strong></span> <span class='ocrx_word' id='word_1_148' title='bbox 1150 2559 1152 2562; x_wconf 83' lang='lat'>·</span> 
     </span>
     <span class='ocr_line' id='line_1_21' title="bbox 146 2626 1109 2705; baseline -0.006 -12"><span class='ocrx_word' id='word_1_149' title='bbox 146 2650 178 2693; x_wconf 87' lang='lat' dir='ltr'><strong>se</strong></span> <span class='ocrx_word' id='word_1_150' title='bbox 200 2630 307 2691; x_wconf 88' lang='lat' dir='ltr'><strong>litteris</strong></span> <span class='ocrx_word' id='word_1_151' title='bbox 330 2630 495 2705; x_wconf 80' lang='lat' dir='ltr'><strong>etstudiis</strong></span> <span class='ocrx_word' id='word_1_152' title='bbox 522 2630 613 2691; x_wconf 90' lang='lat' dir='ltr'><strong>dedit.</strong></span> <span class='ocrx_word' id='word_1_153' title='bbox 659 2629 702 2691; x_wconf 87' lang='lat' dir='ltr'><strong>De</strong></span> <span class='ocrx_word' id='word_1_154' title='bbox 724 2638 821 2691; x_wconf 90' lang='lat' dir='ltr'><strong>morte</strong></span> <span class='ocrx_word' id='word_1_155' title='bbox 849 2631 912 2690; x_wconf 89' lang='lat' dir='ltr'><strong>eius</strong></span> <span class='ocrx_word' id='word_1_156' title='bbox 935 2626 1010 2690; x_wconf 92' lang='lat' dir='ltr'><strong>nihil</strong></span> <span class='ocrx_word' id='word_1_157' title='bbox 1033 2631 1109 2688; x_wconf 90' lang='lat' dir='ltr'><strong>certi</strong></span> 
     </span>
     <span class='ocr_line' id='line_1_22' title="bbox 145 2709 1109 2784; baseline -0.003 -8"><span class='ocrx_word' id='word_1_158' title='bbox 145 2722 269 2784; x_wconf 91' lang='lat' dir='ltr'><strong>constat,</strong></span> <span class='ocrx_word' id='word_1_159' title='bbox 295 2721 424 2775; x_wconf 85' lang='lat' dir='ltr'><strong>attamen</strong></span> <span class='ocrx_word' id='word_1_160' title='bbox 447 2715 525 2774; x_wconf 84' lang='lat' dir='ltr'><strong>circa</strong></span> <span class='ocrx_word' id='word_1_161' title='bbox 549 2731 642 2775; x_wconf 90' lang='lat' dir='ltr'><strong>anuos</strong></span> <span class='ocrx_word' id='word_1_162' title='bbox 659 2710 750 2775; x_wconf 90' lang='grc'>1264.</span> <span class='ocrx_word' id='word_1_163' title='bbox 777 2709 859 2776; x_wconf 84' lang='grc'>1265</span> <span class='ocrx_word' id='word_1_164' title='bbox 881 2713 1046 2774; x_wconf 88' lang='lat' dir='ltr'><strong>decessisse</strong></span> <span class='ocrx_word' id='word_1_165' title='bbox 1063 2713 1109 2773; x_wconf 91' lang='lat' dir='ltr'><strong>af-</strong></span> 
     </span>
     <span class='ocr_line' id='line_1_23' title="bbox 145 2797 917 2872; baseline -0.005 -12"><span class='ocrx_word' id='word_1_166' title='bbox 145 2800 266 2860; x_wconf 90' lang='lat' dir='ltr'><strong>firmare</strong></span> <span class='ocrx_word' id='word_1_167' title='bbox 287 2797 368 2859; x_wconf 87' lang='lat' dir='ltr'><strong>lieet.</strong></span> <span class='ocrx_word' id='word_1_168' title='bbox 913 2865 917 2872; x_wconf 50' lang='grc'>,</span> 
     </span>
    </p>

    <p class='ocr_par' dir='ltr' id='par_1_3' title="bbox 145 2879 1119 3548">
     <span class='ocr_line' id='line_1_24' title="bbox 173 2879 1111 2963; baseline -0.004 -19"><span class='ocrx_word' id='word_1_169' title='bbox 173 2957 177 2962; x_wconf 14' lang='grc' dir='ltr'><strong>Γ</strong></span> <span class='ocrx_word' id='word_1_170' title='bbox 231 2883 312 2944; x_wconf 86' lang='lat' dir='ltr'><strong>Inter</strong></span> <span class='ocrx_word' id='word_1_171' title='bbox 347 2880 508 2944; x_wconf 89' lang='lat' dir='ltr'><strong>annalistas</strong></span> <span class='ocrx_word' id='word_1_172' title='bbox 541 2881 631 2942; x_wconf 88' lang='lat' dir='ltr'><strong>medii</strong></span> <span class='ocrx_word' id='word_1_173' title='bbox 665 2883 730 2942; x_wconf 87' lang='lat' dir='ltr'><strong>aevi</strong></span> <span class='ocrx_word' id='word_1_174' title='bbox 766 2900 935 2963; x_wconf 86' lang='lat' dir='ltr'><strong>quanquam</strong></span> <span class='ocrx_word' id='word_1_175' title='bbox 972 2879 1111 2941; x_wconf 83' lang='lat' dir='ltr'><strong>Albertus</strong></span> 
     </span>
     <span class='ocr_line' id='line_1_25' title="bbox 145 2965 1111 3048; baseline -0.003 -21"><span class='ocrx_word' id='word_1_176' title='bbox 145 2973 247 3028; x_wconf 88' lang='lat' dir='ltr'><strong>noster</strong></span> <span class='ocrx_word' id='word_1_177' title='bbox 270 2984 330 3028; x_wconf 90' lang='lat' dir='ltr'><strong>uon</strong></span> <span class='ocrx_word' id='word_1_178' title='bbox 353 2967 488 3028; x_wconf 87' lang='lat' dir='ltr'><strong>infimum</strong></span> <span class='ocrx_word' id='word_1_179' title='bbox 511 2966 610 3028; x_wconf 90' lang='lat' dir='ltr'><strong>locum</strong></span> <span class='ocrx_word' id='word_1_180' title='bbox 633 2965 764 3036; x_wconf 89' lang='lat' dir='ltr'><strong>obtinet,</strong></span> <span class='ocrx_word' id='word_1_181' title='bbox 788 2967 870 3048; x_wconf 82' lang='lat' dir='ltr'><strong>ejus,</strong></span> <span class='ocrx_word' id='word_1_182' title='bbox 895 2967 1028 3045; x_wconf 88' lang='lat' dir='ltr'><strong>quamvis</strong></span> <span class='ocrx_word' id='word_1_183' title='bbox 1050 2983 1111 3024; x_wconf 88' lang='lat' dir='ltr'><strong>ma-</strong></span> 
     </span>
     <span class='ocr_line' id='line_1_26' title="bbox 145 3048 1112 3130; baseline -0.003 -17"><span class='ocrx_word' id='word_1_184' title='bbox 145 3069 233 3130; x_wconf 84' lang='lat' dir='ltr'><strong>gnam</strong></span> <span class='ocrx_word' id='word_1_185' title='bbox 257 3054 289 3112; x_wconf 91' lang='lat' dir='ltr'><strong>in</strong></span> <span class='ocrx_word' id='word_1_186' title='bbox 312 3048 467 3113; x_wconf 89' lang='lat' dir='ltr'><strong>annalibus</strong></span> <span class='ocrx_word' id='word_1_187' title='bbox 491 3054 695 3128; x_wconf 82' lang='lat' dir='ltr'><strong>cognitionem</strong></span> <span class='ocrx_word' id='word_1_188' title='bbox 717 3059 851 3112; x_wconf 89' lang='lat' dir='ltr'><strong>veterum</strong></span> <span class='ocrx_word' id='word_1_189' title='bbox 866 3058 1023 3130; x_wconf 88' lang='lat' dir='ltr'><strong>poetarum</strong></span> <span class='ocrx_word' id='word_1_190' title='bbox 1039 3067 1112 3127; x_wconf 89' lang='lat' dir='ltr'><strong>prae</strong></span> 
     </span>
     <span class='ocr_line' id='line_1_27' title="bbox 146 3134 1114 3215; baseline 0 -19"><span class='ocrx_word' id='word_1_191' title='bbox 146 3153 178 3196; x_wconf 89' lang='lat' dir='ltr'><strong>se</strong></span> <span class='ocrx_word' id='word_1_192' title='bbox 203 3136 337 3205; x_wconf 89' lang='lat' dir='ltr'><strong>ferentis,</strong></span> <span class='ocrx_word' id='word_1_193' title='bbox 360 3136 489 3197; x_wconf 84' lang='lat' dir='ltr'><strong>facultas</strong></span> <span class='ocrx_word' id='word_1_194' title='bbox 511 3139 628 3215; x_wconf 86' lang='lat' dir='ltr'><strong>poetica</strong></span> <span class='ocrx_word' id='word_1_195' title='bbox 651 3135 772 3213; x_wconf 82' lang='lat' dir='ltr'><strong>longum</strong></span> <span class='ocrx_word' id='word_1_196' title='bbox 795 3153 850 3214; x_wconf 90' lang='lat' dir='ltr'><strong>per</strong></span> <span class='ocrx_word' id='word_1_197' title='bbox 873 3142 991 3212; x_wconf 86' lang='lat' dir='ltr'><strong>tempus</strong></span> <span class='ocrx_word' id='word_1_198' title='bbox 1013 3134 1114 3210; x_wconf 85' lang='lat' dir='ltr'><strong>ignota</strong></span> 
     </span>
     <span class='ocr_line' id='line_1_28' title="bbox 146 3219 1111 3282; baseline 0 -3"><span class='ocrx_word' id='word_1_199' title='bbox 146 3219 241 3280; x_wconf 90' lang='lat' dir='ltr'><strong>latuit.</strong></span> <span class='ocrx_word' id='word_1_200' title='bbox 286 3219 373 3280; x_wconf 91' lang='lat' dir='ltr'><strong>Nunc</strong></span> <span class='ocrx_word' id='word_1_201' title='bbox 396 3220 515 3281; x_wconf 92' lang='lat' dir='ltr'><strong>demum</strong></span> <span class='ocrx_word' id='word_1_202' title='bbox 538 3239 607 3282; x_wconf 90' lang='lat' dir='ltr'><strong>eum</strong></span> <span class='ocrx_word' id='word_1_203' title='bbox 629 3220 756 3280; x_wconf 91' lang='lat' dir='ltr'><strong>duorum</strong></span> <span class='ocrx_word' id='word_1_204' title='bbox 780 3220 945 3280; x_wconf 91' lang='lat' dir='ltr'><strong>carminum</strong></span> <span class='ocrx_word' id='word_1_205' title='bbox 961 3225 1111 3279; x_wconf 89' lang='lat' dir='ltr'><strong>auctorem</strong></span> 
     </span>
     <span class='ocr_line' id='line_1_29' title="bbox 148 3295 1112 3384; baseline 0 -20"><span class='ocrx_word' id='word_1_206' title='bbox 148 3319 214 3365; x_wconf 86' lang='lat' dir='ltr'><strong>esse</strong></span> <span class='ocrx_word' id='word_1_207' title='bbox 237 3305 356 3374; x_wconf 90' lang='lat' dir='ltr'><strong>scimus,</strong></span> <span class='ocrx_word' id='word_1_208' title='bbox 382 3323 452 3366; x_wconf 91' lang='lat' dir='ltr'><strong>nam</strong></span> <span class='ocrx_word' id='word_1_209' title='bbox 474 3295 593 3384; x_wconf 74' lang='lat' dir='ltr'><strong>praeter</strong></span> <span class='ocrx_word' id='word_1_210' title='bbox 615 3303 761 3374; x_wconf 84' lang='lat' dir='ltr'><strong>Troilum,</strong></span> <span class='ocrx_word' id='word_1_211' title='bbox 785 3304 822 3364; x_wconf 88' lang='lat' dir='ltr'><strong>de</strong></span> <span class='ocrx_word' id='word_1_212' title='bbox 844 3322 903 3383; x_wconf 90' lang='lat' dir='ltr'><strong>quo</strong></span> <span class='ocrx_word' id='word_1_213' title='bbox 925 3319 994 3362; x_wconf 83' lang='lat' dir='ltr'><strong>mox</strong></span> <span class='ocrx_word' id='word_1_214' title='bbox 1017 3300 1112 3381; x_wconf 87' lang='lat' dir='ltr'><strong>plura,</strong></span> 
     </span>
     <span class='ocr_line' id='line_1_30' title="bbox 147 3387 1119 3466; baseline -0.001 -18"><span class='ocrx_word' id='word_1_215' title='bbox 147 3390 178 3448; x_wconf 92' lang='lat' dir='ltr'><strong>in</strong></span> <span class='ocrx_word' id='word_1_216' title='bbox 194 3390 317 3465; x_wconf 87' lang='lat' dir='ltr'><strong>antiquo</strong></span> <span class='ocrx_word' id='word_1_217' title='bbox 333 3388 468 3466; x_wconf 80' lang='lat' dir='ltr'><strong>catalogo</strong></span> <span class='ocrx_word' id='word_1_218' title='bbox 485 3388 685 3449; x_wconf 87' lang='lat' dir='ltr'><strong>bibliothecae</strong></span> <span class='ocrx_word' id='word_1_219' title='bbox 702 3387 999 3455; x_wconf 88' lang='lat' dir='ltr'><strong>Bordesholmicnsis,</strong></span> <span class='ocrx_word' id='word_1_220' title='bbox 1024 3395 1119 3463; x_wconf 78' lang='lat' dir='ltr'><strong>quani</strong></span> 
     </span>
     <span class='ocr_line' id='line_1_31' title="bbox 149 3469 1112 3548; baseline -0.001 -16"><span class='ocrx_word' id='word_1_221' title='bbox 149 3469 233 3534; x_wconf 79' lang='lat'>1850</span> <span class='ocrx_word' id='word_1_222' title='bbox 254 3481 356 3533; x_wconf 91' lang='lat' dir='ltr'><strong>nostro</strong></span> <span class='ocrx_word' id='word_1_223' title='bbox 384 3471 475 3533; x_wconf 88' lang='lat' dir='ltr'><strong>libro:</strong></span> <span class='ocrx_word' id='word_1_224' title='bbox 504 3470 815 3543; x_wconf 82' lang='lat' dir='ltr'><strong>„Bibliothelrarische</strong></span> <span class='ocrx_word' id='word_1_225' title='bbox 843 3470 1112 3548; x_wconf 82' lang='lat' dir='ltr'><strong>Unterlraltungun.</strong></span> 
     </span>
    </p>
   </div>
   <div class='ocr_carea' id='block_1_3' title="bbox 0 0 1320 3980">
    <p class='ocr_par' dir='ltr' id='par_1_4' title="bbox 0 0 1320 3980">
     <span class='ocr_line' id='line_1_32' title="bbox 0 0 1320 3980; baseline 0 0"><span class='ocrx_word' id='word_1_226' title='bbox 0 0 1320 3980; x_wconf 95' lang='lat' dir='ltr'><strong> </strong></span> 
     </span>
    </p>
   </div>
   <div class='ocr_carea' id='block_1_4' title="bbox 497 3769 770 3885">
    <p class='ocr_par' dir='ltr' id='par_1_5' title="bbox 497 3769 770 3885">
     <span class='ocr_line' id='line_1_33' title="bbox 497 3769 770 3885; baseline -0.018 -7"><span class='ocrx_word' id='word_1_227' title='bbox 497 3769 770 3885; x_wconf 84' lang='grc'>266812</span> 
     </span>
    </p>
   </div>
  </div>
 </body>
</html>
