2618 3984
453 193 517 248 Lau.
534 161 580 252 ns
605 215 631 252 v.
650 201 794 256 rra-au.
1068 196 1111 263 65

188 348 313 411 Brachia
339 367 482 410 mucrone
505 349 661 410 deficiente
683 361 789 413 movet.

144 435 328 496 Lentesount
349 453 446 503 arcus,
470 434 631 495 tenduntur
655 437 773 496 sortiter
796 446 888 506 artus,
1005 453 1006 458 ’
1060 450 1110 498 745

187 520 223 580 lit
246 518 378 596 quamvis
397 515 508 597 jaciant
529 517 626 597 jacula
649 520 737 581 corda
760 520 871 583 volant.

144 603 201 664 llic
223 603 316 664 lortes
338 605 422 679 quasi
444 606 557 680 grando
579 611 678 674 ruunt.
703 607 786 666 iuror
808 625 890 666 arma
914 609 1072 678 ministrat,

187 687 267 748 lllors
289 687 354 750 fluit
376 688 405 748 in
428 687 517 767 plebe
540 705 623 748 more
645 687 766 750 liuentis
789 709 891 770 aquae.

146 771 276 851 impiger
298 772 481 842 Antilochus,
505 771 674 833 Prothenor
696 774 825 854 itemque
849 776 955 836 Bootes

187 855 260 918 Tres
278 875 298 915 a
322 856 413 916 solius
437 857 575 917 Hectoris
598 875 668 918 ense
692 857 810 919 cadunt.
1059 870 1110 919 tou

142 941 231 1002 Certe
253 958 309 1021 pro
332 941 443 1002 timidis
465 943 665 1002 intercessere
688 942 840 1003 tenebrae.

185 1025 249 1086 Rex
269 1023 355 1104 jubet
376 1027 407 1086 in
430 1027 586 1104 proprium
610 1041 759 1106 quemque
782 1027 881 1088 redire
905 1028 1012 1090 locum.

140 1238 359 1294 conluantur
378 1238 514 1294 undndl
532 1239 655 1294 OMNES
678 1241 719 1295 IN
741 1240 922 1296 HECTORIS
940 1242 1108 1299 MORTEM.

143 1379 236 1440 Nocte
260 1387 346 1441 vocat
368 1396 510 1457 proceres
533 1383 734 1458 Agamemnon
758 1391 787 1442 et
810 1382 887 1442 inter
909 1383 1029 1444 eosdem

185 1463 291 1543 Coepit
313 1462 350 1524 de
374 1461 443 1523 belli
465 1462 584 1524 volvere
606 1463 694 1526 verba
718 1473 805 1526 statu.

143 1547 220 1609 Ecce
242 1547 357 1618 ridetis,
381 1548 431 1617 ait,
455 1549 534 1628 quod
558 1557 678 1610 nostrae
700 1549 794 1626 gloria
817 1553 914 1627 gentis
1057 1561 1107 1610 tut

184 1633 250 1694 lam
273 1631 353 1694 cadit
375 1631 415 1693 ob
436 1631 557 1706 validos,
583 1635 633 1711 qui
655 1634 802 1702 cecidere,
826 1635 925 1695 duces.

140 1715 279 1788 Quotidie
301 1717 431 1778 ruimus:
455 1717 516 1778 ruit
537 1716 616 1780 illico
639 1717 849 1780 Prothesileus.

187 1801 239 1861 Est
260 1800 312 1862 ubi
335 1800 507 1862 Patroclus?
530 1808 663 1863 mortuus
685 1801 867 1864 Antilochus.

145 1884 182 1944 Et
204 1885 273 1963 quid
297 1886 333 1946 de
355 1884 451 1946 valido
472 1885 669 1956 Prothenoce,
693 1889 779 1948 cuius
801 1889 830 1947 in
854 1891 946 1948 armis

187 1970 269 2030 llens
291 1971 423 2030 animosa
447 1969 510 2041 luit,
534 1971 642 2050 quidve
665 1971 756 2033 Boete
778 1972 903 2050 loquor?
1057 1983 1108 2032 too

143 2053 210 2114 Non
233 2052 313 2123 mihi,
337 2055 361 2114 si
384 2053 500 2133 linguae
522 2064 642 2116 centum
665 2057 733 2130 sint,
758 2074 870 2136 oraque
892 2067 1023 2134 centum,

186 2139 314 2199 Amissos
324 2155 476 2218 ,proceres
499 2157 675 2202 enumerare
698 2159 815 2220 queam.

142 2221 179 2282 Et
201 2221 277 2300 qnod
301 2223 338 2284 de
360 2221 447 2302 plebe
470 2227 627 2303 perierunt
649 2225 730 2286 milia
753 2223 851 2304 plura,

186 2307 227 2367 De
251 2323 378 2368 numero
400 2307 478 2384 vulgi
501 2310 612 2368 mentio
636 2309 715 2370 nulla
740 2310 822 2370 milri.

140 2389 340 2452 Venimus'ad
365 2392 509 2471 Phrygios
530 2392 634 2453 ulcisci
656 2393 766 2474 probra
788 2392 920 2464 colonos,
1055 2404 1106 2454 tot

182 2477 357 2537 'l'raotamus
378 2491 433 2556 per
454 2494 546 2556 aquas
567 2478 750 2558 proliciendo
773 2477 847 2539 nihil

142 2561 217 2621 lium
240 2559 361 2638 loquum
384 2577 455 2623 ecce
477 2560 600 2622 trahunt
620 2562 732 2640 rigidas
754 2565 884 2643 suspiria
908 2563 998 2625 libras

183 2644 221 2704 m
242 2643 319 2721 bibit
338 2645 465 2705 interior
487 2648 586 2706 omnia
607 2647 699 2707 verba
721 2647 816 2708 dolor.

141 2729 163 2787 Α
188 2727 251 2789 solo
273 2729 402 2808 patimur
425 2724 480 2790 hoc
503 2729 634 2791 dedecus
656 2730 792 2799 Hectore.
817 2730 946 2792 Graecas

181 2810 277 2883 Solus,
300 2813 376 2892 proh
399 2814 525 2875 lacinus!
547 2817 591 2876 vir
614 2823 695 2876 secat
715 2817 772 2876 iste
795 2833 897 2893 genas.
1052 2825 1103 2876 tto

139 2894 305 2958 Consilium
326 2897 478 2977 praebete,
500 2898 599 2966 duces,
622 2900 733 2974 audite,
756 2900 827 2978 quid
850 2901 907 2960 isto

180 2980 244 3041 Jam
268 2999 358 3061 super
380 2981 505 3044 articulo
527 2984 583 3046 sim
607 2984 769 3046 meditatus
791 3001 856 3062 ego.

105 3069 108 3076 '
138 3064 278 3127 Hectoris
300 3068 331 3127 in
353 3065 489 3147 jugulum
512 3065 654 3130 ferventis
677 3077 737 3130 tota
758 3067 898 3149 juventus

180 3150 286 3228 Dorica
309 3152 471 3236 conspiret.
508 3151 637 3221 Dixerat.
660 3152 749 3233 idque
771 3153 875 3233 placet.

136 3319 333 3330 φοι-ψ..

204 3419 261 3475 748.
280 3436 353 3472 moro
371 3421 464 3476 duent.
485 3435 528 3486 aq.
558 3417 609 3472 Or.
623 3423 673 3472 Ars
686 3421 737 3485 111,
756 3423 800 3473 di.
868 3423 928 3474 752.
948 3423 1103 3490 emargine

135 3487 189 3539 loe.
207 3501 270 3553 pro:
288 3503 376 3540 snum.

170 3575 277 3620 arcitus.
881 3577 897 3625 5
950 3619 956 3628 .
