2616 4000
373 183 375 192 ¹
408 216 474 268 Lib.
494 215 540 266 vn
577 233 603 272 v.
622 219 763 267 1sr-22n
1011 217 1072 280 113

102 369 196 438 Adde,
221 366 300 448 quod
323 369 399 430 irato
423 367 557 429 dissolvit
578 375 700 448 pectore
723 387 861 439 caecum;

148 453 221 525 Quis
244 449 302 514 soit
324 470 361 514 an
383 451 457 513 haec
480 463 616 515 nostrum
639 455 749 515 nutriat
770 457 814 515 ira
837 453 967 516 malum?
1055 479 1063 496 ·

102 537 177 599 Pius
199 536 280 598 aloes
303 555 391 616 qoam
414 535 511 598 meliis
532 538 641 598 babent
663 555 720 616 pro
742 557 816 618 pace
837 541 939 619 petita,

150 623 230 700 Ergo
254 639 308 684 nos
331 621 449 696 Priamo
472 621 542 683 hino
566 623 650 700 quasi
671 641 767 702 poena
791 642 901 684 smnus.
1023 633 1075 683 200

103 709 180 770 Cum
203 705 322 767 turbam
345 705 435 766 turbo
458 705 598 777 turbarit,
622 708 759 786 turgidus
780 709 844 788 ipse

147 792 212 852 Hoo
233 809 289 852 nos
311 789 433 851 turbare
458 790 574 852 turbine
597 808 710 869 pronus
732 800 805 853 erat.

102 876 236 938 Dixerat
282 873 473 954 Applaudunt
495 883 523 935 et
546 879 645 937 statim
667 875 910 956 Polydamantem

148 959 200 1022 1110
224 959 332 1020 cohors
355 959 502 1020 Graecum
526 961 646 1021 mandat
669 961 751 1022 adire
774 961 890 1024 duoem.

101 1044 281 1125 Polydamas
301 1043 401 1122 itaquo
423 1043 564 1122 gradiens
585 1046 818 1122 Agamemnonis
840 1048 895 1106 ista
1023 1054 1074 1103 005

145 1127 278 1190 Auribus
299 1129 438 1197 insinuat,
460 1145 576 1206 *rexque
598 1147 723 1191 serenus
746 1139 821 1191 orat.

382 1307 526 1378 [nouom
546 1308 794 1382 0000000000]

108 1418 171 1478 lam
193 1414 348 1477 Phoebum
372 1422 453 1476 tenet
477 1415 555 1476 unda
578 1419 683 1487 maris,
707 1417 782 1479 olam
805 1426 948 1478 convocat
971 1433 1075 1490 omnes

148 1499 212 1562 Rex
236 1500 351 1561 Danaos
372 1503 518 1578 rogitans,
544 1503 610 1580 quis
633 1501 703 1580 quid
726 1501 762 1562 ad
785 1503 841 1562 ista
864 1511 958 1563 00001.

105 1586 244 1664 Concipit
266 1586 401 1662 ingentes
424 1587 538 1646 animos
559 1585 617 1645 boo
640 1587 739 1646 omine
762 1587 894 1647 Graecus

147 1669 335 1732 Persuadons
357 1673 421 1747 regi
444 1687 568 1730 munera
591 1669 668 1730 10010
691 1672 766 1750 oapi.
1024 1679 1076 1728 010

109 1753 250 1816 Proditor
272 1761 433 1824 antonus
457 1761 507 1816 aut
528 1754 648 1832 plnres?
671 1754 817 1816 Omnibus
840 1772 944 1814 omnes

147 1837 209 1899 Res
231 1837 328 1900 salvae
351 1847 503 1907 maneant;
528 1838 559 1899 bi
580 1839 657 1918 pede
679 1842 759 1918 pacis
782 1847 858 1901 0001

106 1921 163 1990 iu,
186 1940 394 2003 quamcunque
417 1925 491 1984 deus
514 1923 566 1984 tibi
589 1925 785 1985 fortunaverit
807 1923 921 1992 boram,

151 2007 241 2069 Grata
264 2024 350 2069 sume
373 2025 471 2076 manu,
495 2025 593 2088 neque
615 2025 736 2069 morere
758 2009 819 2070 diu.

109 2089 168 2159 Qui
192 2089 311 2151 tulitin
336 2100 440 2162 castra,
464 2092 532 2152 rex!
555 2090 645 2170 hujus
667 2095 780 2154 semina
803 2093 899 2170 grani,
1028 2099 1078 2147 215

151 2175 195 2236 Ne
217 2174 336 2236 dubites
358 2171 401 2236 illi
425 2175 514 2237 verba
537 2176 667 2237 soconda
690 2177 781 2255 ioqui.

111 2261 164 2321 Est
187 2278 220 2320 00
244 2277 294 2322 000
317 2261 440 2322 nimium
463 2261 631 2330 temeraria,
657 2260 728 2322 dioit
750 2260 860 2331 Ulixes,

151 2344 190 2405 m
213 2347 364 2406 consentit
384 2347 418 2406 in
438 2345 495 2407 boo
520 2345 650 2406 themate
673 2345 782 2408 Nestor
805 2348 844 2407 01.

113 2429 148 2506 ⁰2
161 2430 271 2489 totiens
294 2427 423 2490 bominis
445 2436 577 2490 mutatur
598 2436 726 2510 spesque
749 2429 901 2509 laborque,

154 2511 266 2575 Cursor
288 2513 325 2574 ad
348 2511 464 2593 optatas
485 2531 545 2574 non
569 2518 769 2592 sonitusque
791 2523 896 2574 motas.
1029 2523 1081 2572 110

111 2597 185 2668 Quis
207 2599 264 2657 soit
286 2615 323 2658 an
346 2597 403 2660 boc
426 2597 512 2660 oculo
535 2606 651 2678 spectat
674 2599 789 2659 fortuna
812 2598 939 2660 sereno?

110 2749 314 2761 ...ιιι-*ιη-

179 2832 236 2884 199.
255 2829 343 2883 sohol.
362 2834 516 2883 amaritiam
535 2832 663 2898 designat
675 2834 755 2898 pacis
768 2847 848 2896 quam
862 2847 912 2883 nos
924 2833 1078 2898 petivimus.

112 2903 170 2952 200.
188 2899 273 2950 schol.
293 2900 358 2966 qnia
375 2915 427 2951 nos
445 2901 627 2965 persequitur.
705 2903 763 2952 213.
785 2902 824 2950 14.
843 2901 910 2951 Hor.
927 2901 977 2964 Ep.
996 2899 1018 2962 1,
1038 2900 1077 2961 11,

112 2970 153 3018 22.
170 2969 211 3022 23.
280 2967 331 3028 Tu,
351 2981 538 3034 quemcunque
557 2973 610 3018 010.

315 3033 402 3085 Grata
419 3050 496 3085 sume
514 3050 609 3097 0000ος
629 3051 681 3086 nee
699 3035 792 3086 dulcia
809 3033 891 3084 differ
907 3033 937 3084 in
954 3047 1064 3088 annum.

114 3103 171 3157 219.
188 3099 324 3169 Pamphil.
344 3101 459 3166 XXVII,
480 3105 505 3155 1.

195 3169 360 3220 Multotions
377 3170 515 3221 hominum
526 3171 683 3221 ’1000100100
701 3185 821 3236 spesque
838 3168 978 3235 laborque.

9 3271 10 3274 ,
118 3237 174 3288 mo.
192 3251 241 3303 pro
261 3237 320 3289 eod.
338 3253 429 3288 mores
447 3239 514 3290 Hor.
531 3238 563 3288 A.
581 3240 613 3288 P.
629 3240 680 3288 412

249 3305 296 3371 qni
313 3305 407 3356 studet
423 3309 548 3371 optatam
568 3321 649 3357 curru
666 3305 824 3370 contingere
844 3308 946 3354 motam

118 3369 166 3426 Or.
183 3372 268 3423 Trist.
285 3372 334 3436 IV,
352 3374 377 3436 8,
396 3375 429 3424 35

215 3441 278 3492 Non
295 3441 390 3506 procul
409 3456 426 3490 0
443 3441 536 3505 metis,
554 3457 623 3508 quas
642 3457 713 3508 pene
732 3445 828 3492 tenere
846 3437 970 3502 videbar,

250 3505 393 3559 Curriculo
412 3509 503 3574 gravis
524 3515 566 3561 est
585 3509 661 3560 10010
679 3511 758 3560 ruine
776 3505 844 3564 meo.
