2616 3980
460 137 522 234 ¹Lib.
541 159 564 208 Ι.
601 127 783 210 Prooemium.

137 312 177 373 Se
198 313 310 374 misera
334 313 452 388 misere,
476 313 587 372 misero
609 311 780 373 stimulante
803 312 915 374 lurore.
966 389 969 396 Ι

136 401 194 462 Per
217 399 341 460 miseros
364 400 457 476 igilur
482 395 582 474 elegos
604 397 662 458 hoc
685 398 796 459 ducere
820 414 940 459 carmen

135 485 260 546 Decrevi
282 485 435 553 miserum,
459 487 572 542 soriam
595 483 754 543 miseratus
777 500 881 554 eorum

136 571 178 634 lle
201 569 310 650 quibus
332 567 380 628 hic
403 565 520 644 legitur,
543 568 646 627 miseri
669 569 720 646 qui
743 577 840 630 castra
862 575 1036 648 sequuntur.
1071 579 1105 630 30

133 655 197 716 llac
220 662 322 714 noster
344 651 460 714 ratione
484 649 569 712 stilus
591 669 652 713 non
675 651 779 713 debuit
800 654 873 713 istas
957 665 961 673 “

135 737 275 801 Scribere
297 755 353 798 nec
377 735 482 798 debuit
503 737 631 798 heroum
653 737 786 798 carmine
809 746 929 808 mortes,

136 823 194 885 Sed
218 823 351 884 numeris
374 821 430 884 sub
454 821 626 898 disparibus
648 820 696 881 lex
718 823 841 882 metrica
864 820 961 893 saliat,

135 909 308 988 Tamquam,
333 907 510 968 demiseris
534 906 606 968 baec
630 912 674 966 est
695 907 836 976 narratio,
861 906 950 968 dical.

139 991 271 1078 [Troilus
295 999 340 1052 est
361 987 482 1052 Troilus
504 989 632 1051 Troiano
655 992 793 1070 principe
816 997 902 1052 natus
1070 999 1103 1050 35

134 1079 172 1140 lii
193 1077 272 1138 liber
295 1083 339 1137 est
361 1074 481 1136 Troilus
503 1074 670 1137 obTroica
694 1073 769 1136 bella
793 1074 941 1157 vocatus]

314 1221 401 1288 QUID
421 1221 635 1278 CONTINEAT
652 1221 789 1279 PRIMUS
807 1223 925 1278 LIBER.

221 1331 337 1392 Primus
364 1327 444 1390 liber
470 1331 604 1390 coniinet
632 1327 731 1391 Peliae
760 1338 861 1391 contra
887 1331 1028 1392 iasonem
1056 1335 1103 1392 in·

133 1416 258 1485 vidiam,
282 1414 400 1476 Jasonis
421 1432 476 1493 pro
499 1412 611 1494 vellere
631 1416 863 1494 navigationem,
892 1414 1103 1478 Laomedontis

113 1503 256 1569 necem,
285 1499 432 1562 Hesionae
455 1498 662 1560 deductionem
686 1510 715 1560 er
737 1500 868 1562 eiusdem
890 1499 928 1561 ab
951 1504 1103 1562 Antenore

134 1586 361 1664 repeticionem,
391 1584 499 1644 Troiae
527 1584 741 1653 munitionem,
770 1583 929 1648 Alexandri
956 1586 986 1645 in
1012 1586 1103 1648 Grae-

135 1672 216 1732 ciam
235 1670 466 1748 prosectionem,
495 1666 626 1730 Helenae
648 1670 679 1730 in
701 1668 858 1748 Phrygiam
883 1667 1101 1737 adductionem,

133 1755 282 1816 uindicem
316 1770 333 1812 a
361 1754 482 1814 Graecis
515 1753 780 1825 machinalioncm,
810 1753 1042 1830 Agamemnonis
1072 1759 1102 1815 in

134 1856 237 1920 regem
261 1837 463 1899 elevationem.
689 1869 691 1874 ,
841 1877 845 1881 -

476 2039 589 2101 LIBER
611 2040 760 2102 PRIMUS.

406 2205 586 2261 CAPITULA
602 2205 701 2260 LIBRI
717 2205 831 2258 PRIMI.

132 2331 255 2392 Primus
278 2329 315 2390 cb
338 2329 478 2391 invidiam
501 2328 601 2390 Peliae
625 2347 693 2390 cum
716 2347 789 2391 nave
813 2338 936 2392 venusia

134 2413 268 2476 Cbolcon
292 2417 428 2476 inaurato
451 2411 637 2494 provellere
661 2414 770 2475 lasone
791 2421 898 2494 portal,

132 2497 314 2567 Laomedon,
339 2516 443 2561 navem
468 2501 520 2576 qui
541 2499 657 2576 Jasonis
680 2505 748 2560 ante
770 2499 897 2577 iugarat,

132 2583 273 2644 Herculis
297 2601 368 2644 ense
391 2583 479 2654 cadit,
502 2584 610 2646 Troiae
633 2584 759 2646 munitio
781 2587 887 2662 surgit,

483 2688 488 2710 l

204 2788 245 2837 30.
263 2786 355 2837 Parta.
370 2787 479 2840 misera.
531 2787 573 2836 35.
592 2787 633 2840 26.
652 2785 711 2837 Hos
729 2785 797 2836 duos
810 2786 888 2836 uncis
901 2785 1022 2836 inclusos
1041 2801 1107 2836 ver··

133 2868 183 2904 aus
200 2853 336 2919 Heusing.
357 2869 412 2904 nou
430 2849 564 2919 putat'ab
583 2854 696 2906 Albario
715 2854 857 2920 profectos
877 2867 949 2906 esse:
977 2853 1039 2918 „Ut
1060 2853 1102 2903 ita

133 2935 280 2986 censeam,
308 2921 391 2986 dicit,
419 2937 475 2973 uon
502 2936 534 2973 eo
553 2921 639 2974 solum
663 2922 786 2972 adducor
804 2921 877 2986 quod
895 2921 1002 2971 Alberli
1020 2935 1100 2984 reue,

133 2989 262 3054 quamvis
282 2992 310 3038 et
328 2989 390 3053 ipae
407 2987 547 3040 lutulenta
566 2990 644 3052 fluat,
664 2994 757 3040 tamen
775 3004 807 3038 ea
825 2993 889 3039 sunt
906 2987 1028 3052 indigni,
1052 2989 1102 3039 sed

132 3057 220 3107 etiam
251 3055 323 3122 quod
349 3054 434 3108 iidem
452 3073 548 3108 uersus
575 3059 606 3108 iu
632 3057 686 3107 fine
710 3057 814 3108 codicis
837 3060 1012 3124 repetuntur,
1040 3061 1067 3106 ei
1085 3073 1103 3107 a

130 3123 328 3190 grammatico,
349 3124 442 3189 quiin
461 3139 576 3176 accessu
595 3125 630 3175 a'd
649 3125 772 3176 Troilum
796 3119 861 3175 libri
885 3123 996 3175 tilulum
1013 3123 1101 3189 expli-

130 3191 216 3254 cavit,
236 3190 315 3241 uuila
333 3206 425 3242 eorum
444 3193 516 3243 ratio
536 3197 579 3243 est
596 3193 704 3244 habita.
737 3193 760 3242 E
780 3192 879 3257 quibus
898 3191 1023 3243 omnibus
1040 3207 1102 3258 pro·

129 3274 199 3310 num
219 3263 261 3308 cai
280 3260 426 3324 suspicari,
445 3260 599 3311 versiculos
617 3261 686 3311 istos
704 3261 739 3311 ab
758 3259 944 3324 alioquodam
957 3259 1101 3311 confectos

128 3325 301 3392 Albartoque
321 3341 382 3378 esse
401 3327 586 3393 suppositos.“
623 3326 738 3378 Aibario
760 3327 907 3378 tribuimus
929 3327 979 3378 hoa
996 3341 1099 3390 versus,

130 3395 179 3460 qui
198 3407 283 3460 saepe
302 3398 330 3445 et
348 3394 467 3446 libenter
485 3395 589 3462 gaudel
607 3395 811 3461 logodaedalia‚
831 3399 862 3446 ui
879 3395 909 3445 in
927 3393 1099 3460 praefatione

130 3461 285 3518 docuimus.
354 3465 379 3517 2.
398 3463 467 3516 Mso.
487 3463 647 3514 Ohouohon.
718 3465 742 3514 3.
761 3463 829 3514 Mac.
849 3463 973 3529 fugurui.
