2616 4000
446 181 511 230 Lib,
531 180 578 231 VI.
614 196 640 229 V.
659 181 801 230 ost-ata.

143 331 277 392 Gaudeat
299 331 430 392 Antenor
452 327 544 391 simili
565 331 665 391 ridere
689 332 797 408 quiete,

116 443 124 450 ·
190 416 243 478 His
267 433 383 495 quoque
405 433 550 494 personae
573 416 760 494 proximitate
783 417 877 476 datae.

145 500 300 562 consentit
322 499 449 578 populus
472 509 500 559 et
523 501 574 567 ris,
599 501 649 578 qni
671 502 750 576 regis
773 499 810 560 ab
833 518 885 560 ore

190 585 329 662 Expressi
352 585 479 653 inerant,
504 586 602 644 omnia
626 583 702 644 salva
726 590 862 652 manent3
977 631 980 637 a

140 667 178 727 Et
202 685 262 728 non
286 671 435 748 expressis
458 676 580 737 tanturn,
604 668 654 728 sed
679 675 707 728 et
729 668 866 728 omnibus
889 667 946 740 bis,
967 668 1018 746 qui
1058 677 1108 724 aaa

185 750 348 831 participes
371 751 458 830 bujus
482 751 653 812 traditionis
676 760 769 812 arant.

312 898 466 967 [Gnarus
484 897 531 952 ET
550 898 686 952 Paucas
704 896 932 966 arrabonis]

139 1003 272 1064 Antenor
295 1005 408 1082 surgim·
430 1011 462 1064 ut
485 1003 565 1064 tandi
588 1007 673 1083 copia
697 1005 792 1068 detur.

181 1087 341 1153 obsecrat:
367 1087 422 1148 bac
445 1094 541 1148 sumta
564 1088 773 1148 convenienter
797 1089 849 1147 ait:

137 1175 244 1234 Grates
267 1170 452 1250 Grajugenae
476 1179 627 1248 gratanter
650 1171 743 1232 reddo
763 1171 902 1251 juventae

178 1255 236 1316 Pro
259 1255 337 1316 bene
359 1262 484 1326 serrata,
509 1273 597 1334 quarn
621 1257 773 1336 pepigere,
797 1255 864 1316 fide.

138 1340 271 1419 Corpora
293 1347 393 1400 nostra
416 1340 537 1419 quidem
561 1339 652 1401 rebus
676 1347 745 1410 sunt
765 1342 879 1417 integra
903 1337 999 1408 salvis,

181 1425 243 1485 Nec
265 1425 367 1484 nocuit
389 1426 497 1485 nostris
520 1422 580 1485 ulla
602 1423 734 1503 procella
757 1426 848 1484 neeis.

137 1509 254 1570 o-rext
277 1509 306 1567 in
330 1510 424 1586 capite
449 1507 527 1577 belii,
552 1527 617 1568 eum
641 1507 718 1568 bella
740 1511 849 1579 sitiret,

177 1593 220 1652 Et.
235 1591 320 1652 daret
343 1600 475 1652 extentas
497 1591 588 1672 Troja
611 1590 740 1670 superba
765 1594 868 1660 minas,

137 1677 203 1738 Non
226 1677 309 1752 ierat,
334 1678 385 1736 sed
408 1676 503 1736 iturus
526 1685 590 1736 erat
612 1694 775 1755 navemque
799 1674 934 1736 struebat

178 1760 339 1820 Intendens
361 1759 470 1820 Danais
493 1759 599 1820 darnna
622 1769 728 1838 parare
750 1761 844 1820 Paris.

129 1845 196 1906 dics
220 1862 253 1905 ea
276 1843 426 1926 displicuit
447 1843 571 1912 Heleno,
594 1843 756 1922 retutitque
779 1843 910 1903 futurum

178 1929 314 2005 Remigio
336 1927 386 1989 tali
410 1928 538 1989 Troibus
561 1927 725 1998 excidium

135 2013 192 2074 Hic
214 2012 301 2073 etiarn
324 2011 410 2073 reddi
433 2013 711 2090 corpuspersuasit
732 2010 865 2080 Achillis,

177 2094 355 2157 tntumulata
378 2095 481 2157 dolens
504 2094 638 2156 rnembra
658 2094 759 2175 jacere
783 2094 876 2156 ducis.

138 2181 177 2242 Et
198 2183 296 2241 tuerat
318 2181 480 2242 Cassandra
504 2181 581 2240 mato
604 2182 754 2240 contraria
777 2187 874 2239 restro

78 2275 84 2286 ·
178 2265 241 2326 Hoc
264 2283 344 2331 casu,
369 2283 468 2324 casum
494 2264 681 2325 vaticinando
704 2264 864 2342 Phrygum.

137 2349 231 2410 Immo
254 2346 400 2410 clamabat
422 2350 585 2418 manifeste,
601 2347 697 2428 ¹Troja
721 2347 847 2408 tenenda

177 2432 262 2505 Quod
286 2433 362 2492 foret
385 2434 484 2501 exitio,
508 2435 534 2492 si
556 2433 640 2492 Paris
661 2429 718 2492 iret
741 2450 787 2492 eo.

134 2515 281 2598 Quicquid
304 2516 447 2594 agebatur
468 2519 548 2577 inter
570 2516 733 2593 primordia
758 2514 835 2584 belli,
905 2575 907 2578 ,

177 2601 229 2663 lita
252 2599 418 2669 recusabat,
442 2619 518 2680 quae
541 2601 625 2660 Paris
648 2601 707 2682 egit
730 2601 785 2677 agi,

134 2685 168 2744 ln
193 2693 323 2752 tantum3
348 2684 426 2762 quod
449 2703 513 2745 eam
537 2694 621 2763 pater
643 2692 708 2744 atro
730 2700 851 2754 carcere
874 2683 987 2755 clausit,

178 2769 239 2830 Nea
262 2770 363 2842 tacuit,
385 2787 489 2847 pacem
512 2786 630 2846 semper
652 2770 682 2830 in
706 2766 856 2828 oratutit.

90 2895 96 2904 ·
134 2853 289 2915 Concedas
309 2853 399 2928 igitur
421 2852 468 2912 bis
490 2851 629 2912 libertate
651 2854 754 2931 potiri,

168 2937 214 3002 Et
235 2947 283 3000 tua
306 2954 361 3015 pro
384 2940 502 2997 meritis
523 2939 618 3014 gratia
642 2937 736 3014 prosit
758 2938 812 2996 eis,

134 3021 199 3081 Rex
223 3022 259 3082 de
282 3019 405 3082 consilio
428 3017 587 3096 consentit,
612 3023 714 3099 eisque
738 3018 854 3080 duobus
959 3071 963 3081 .

176 3104 311 3168 Libertas
334 3107 430 3175 etiam,
455 3123 488 3165 re
510 3104 663 3174 redeunte,
688 3102 773 3164 redit.

133 3189 239 3249 Erudit
261 3207 379 3268 quoque
400 3207 455 3268 per
477 3187 620 3249 Helenum
643 3191 745 3266 regina
768 3194 940 3266 precantem

177 3273 307 3343 Hecuba,
330 3273 451 3350 reginae
471 3269 606 3352 jungitur
628 3271 844 3333 Andromache.

107 3405 110 3410 .
139 3402 334 3412 ..-.---.-.-

203 3455 261 3510 587.
282 3456 341 3510 cod.
360 3454 493 3508 Athenor.
562 3460 620 3512 597.
640 3457 701 3509 cod.
720 3457 837 3513 Halone.
