2616 3980
464 202 524 253 nin.
543 201 579 255 11.
614 217 640 253 v.
660 181 803 252 tre-'4412
1077 195 1120 260 53

240 348 426 404 DIOM‘EDES
443 347 491 402 ΕΤ
509 347 639 402 ULIXES
657 347 832 404 annuntia
850 346 1033 405 TENEDON.

158 455 261 532 Legati
282 454 412 515 redeunt
433 454 585 524 Tenedon,
609 455 737 532 regique
750 455 929 517 'revolvunt

198 540 314 609 Omnia,
339 556 414 614 quae
436 539 573 598 Priamus
595 537 711 600 dixerat
733 547 820 619 atque
841 540 944 600 relect.

157 624 203 685 Nil
226 621 304 684 aliud
328 632 440 683 roslare
462 622 557 700 liquet
579 625 635 683 nisi
657 624 745 684 fortia
770 623 856 694 bella,

198 709 328 770 Fortiter
350 709 380 766 in
404 707 505 788 fortes*
520 725 603 767 arma
625 725 746 768 movere
769 725 868 768 manu.

161 793 245 854 Unde
267 800 392 871 repente
414 791 524 870 gradus
547 799 591 852 est
613 793 854 872 praecipitandus
876 795 907 852 in
930 791 1038 861 hostes,
1071 800 1122 849 420

200 877 274 939 Nam
297 876 364 946 sibi,
388 877 439 955 qui
460 877 558 955 parcit
579 875 725 947 hostibus,
748 877 841 937 hostis
864 877 929 938 erit.

114 1024 117 1028 ,
159 961 224 1022 Huc
247 961 283 1022 de
307 961 431 1023 oonsilio
453 967 570 1023 maturo
592 963 728 1021 venimus
750 979 862 1030 omnes,

202 1045 297 1108 Credo
321 1045 520 1106 verecundum
543 1053 661 1106 vertere
682 1054 766 1107 retro
788 1046 922 1123 gradum.

159 1131 224 1192 Non
247 1128 378 1192 reddunt
395 1128 550 1200 Helenam,
574 1127 745 1208 repetamus
769 1131 883 1191 viribus
905 1128 986 1190 illam

200 1215 317 1293 Optima
342 1215 489 1275 vindictae
512 1217 648 1294 proxima
670 1233 806 1295 quaeque
828 1211 900 1290 dlqs.
1069 1222 1120 1272 425

125 1338 138 1356 2
156 1299 229 1360 Nam
252 1317 335 1360 mora
358 1299 407 1359 dat
428 1302 516 1369 vires,
539 1299 641 1378 plures
663 1318 745 1360 mora
770 1299 885 1378 colligit
906 1300 1016 1368 hostes,
1102 1301 1113 1310 '

200 1383 308 1462 Sisque
330 1384 362 1444 tit
383 1393 416 1444 ut
437 1382 540 1464 populi
563 1387 647 1461 eopia
670 1392 785 1446 crescat
807 1387 859 1446 eis.

154 1469 199 1529 Sit
220 1468 351 1529 subitum
375 1470 565 1549 quidcunque
589 1487 690 1548 paras;
716 1487 795 1530 nuno
818 1470 940 1531 dicitur:
966 1487 1037 1547 ergo

196 1553 328 1614 Festinat
349 1553 468 1631 gladius
491 1555 528 1614 ad
549 1553 679 1632 juvenile
702 1554 789 1615 latus.

267 1731 428 1787 emamus
447 1731 630 1788 cononem
648 1733 835 1799 QUOSQUOS
853 1733 1003 1790 FORTES.

159 1872 219 1932 Nec
243 1871 380 1933 Priamus
401 1878 515 1949 pausat,
538 1889 681 1950 proceres
703 1889 770 1932 eum
794 1872 919 1934 sortibus
942 1875 1023 1934 omni
1071 1883 1122 1932 430

200 1955 266 2035 lpse
290 1953 468 2028 satellitibus
490 1974 507 2017 e
529 1957 651 2032 regione
673 1965 766 2016 vocat.

158 2040 230 2099 lnde
254 2055 359 2098 manus
381 2039 478 2118 aperit
498 2041 633 2102 irrorans
655 2047 775 2117 pectora
799 2041 886 2102 donis

202 2122 239 2184 llt
260 2129 322 2186 tam
344 2122 487 2202 pollicitis
509 2142 597 2203 quam
621 2125 712 2185 trahit
734 2123 783 2185 ille
807 2125 891 2188 datis.

158 2207 227 2267 Eius
249 2209 280 2268 in
303 2207 447 2269 arrrilium
469 2217 612 2288 properat
634 2227 692 2269 non
715 2227 808 2288 pauca
828 2209 967 2288 juventus

199 2291 320 2352 Militiae
343 2291 472 2352 celebris
494 2292 623 2354 fortibus
646 2300 730 2354 aucta
753 2295 833 2354 viris.
910 2323 914 2329 ·
1070 2305 1120 2354 435

156 2377 312 2437 devenere
335 2375 425 2437 duces
446 2378 580 2448 intortae,
604 2377 752 2439 mentibus
774 2397 859 2440 aeres

181 2459 264 2520 .Non
289 2460 371 2521 dubii
393 2479 487 2541 prono
510 2470 632 2540 pectore
656 2461 731 2523 bella
756 2467 849 2543 sequi.

157 2545 320 2623 Sarpedon,
344 2544 485 2616 Glaucus,
508 2547 660 2616 Adrastus,
684 2548 846 2617 Pandarus.
870 2549 1015 2626 Amphon,

198 2627 314 2698 Peleus,
338 2630 577 2706 Amphimachus,
602 2631 744 2702 Ceramia,
766 2631 921 2712 Yplritides

156 2713 227 2774 Cum
251 2714 355 2774 Pitane
378 2715 517 2792 Caropes,
540 2734 606 2776 oum
631 2717 839 2779 Residamante
862 2716 994 2779 Coralius
1071 2727 1122 2776 440

197 2798 337 2878 Ephicus,
360 2799 517 2879 Eripheus‚
541 2800 695 2863 caleamus
717 2811 805 2879 atque
828 2802 927 2862 Canos.

165 3030 182 3042 ''
222 3032 251 3096 *)
269 3033 481 3096 Inscriptionem
498 3036 558 3086 eod.
576 3035 649 3087 male
667 3036 764 3087 hebet:
783 3035 932 3088 Diomedes
949 3040 978 3086 et
993 3036 1120 3088 Priamus

156 3099 273 3151 redeunt
290 3100 326 3150 ad
343 3098 464 3154 Ulixem.
657 3151 660 3155 ,

223 3168 283 3218 425.
313 3169 469 3231 emergine
488 3185 539 3234 pro
558 3174 657 3236 opima.
693 3169 745 3222 Ov.
768 3170 845 3221 Rem.
870 3173 912 3224 96.
979 3173 1038 3222 426.
1069 3171 1120 3228 Os,

155 3234 229 3284 Rem.
248 3236 295 3286 83:
315 3236 386 3287 Nom
403 3249 478 3286 mora
496 3237 543 3287 dat
560 3241 645 3302 vires,
662 3242 772 3288 teneras
789 3254 866 3288 mora
883 3243 1027 3304 percoquit
1043 3255 1120 3295 uvas.

155 3303 213 3354 427.
240 3300 299 3352 cod.
318 3303 399 3368 copia
416 3304 518 3368 populi.
586 3309 646 3357 438.
672 3306 779 3372 Ampon
801 3305 891 3357 Dares
910 3308 1034 3357 nominat
1056 3309 1121 3358 Am-

154 3369 292 3432 phionem.
360 3372 419 3421 440.
438 3372 548 3434 Margo:
567 3373 625 3424 Iste
644 3372 765 3424 Ocrebus
783 3373 913 3425 ducturus
931 3381 990 3426 erat
1002 3375 1121 3426 (lasson-

154 3435 230 3486 drem
257 3435 342 3486 liliam
368 3437 444 3502 regis
466 3439 568 3488 Priami
596 3445 624 3490 et
646 3443 681 3491 ob
700 3441 771 3492 hane
797 3457 894 3493 versus
911 3443 940 3492 in
959 3443 1068 3498 bellum,
1086 3468 1120 3480 -

158 3502 277 3554 Corebua
296 3508 324 3554 et
342 3505 438 3556 Dimas
456 3505 567 3572 Virgilii
586 3514 649 3558 sunt
667 3508 705 3572 11,
724 3511 781 3560 340.
