2616 4000
182 197 272 244 XVIII
592 181 745 232 Prcelatio.
814 162 818 170 ⁴

265 333 294 414 3)
331 333 380 393 lol.
417 329 604 396 ata-1602*
643 329 744 394 nester
783 335 918 394 Troilus·
965 333 1043 394 Haec
1076 329 1148 393 lolia

180 427 307 481 exeunte
330 417 447 480 saeculo
470 418 586 479 decimo
607 421 695 479 terlio
711 416 757 478 vel
770 420 894 480 ineunte
910 425 1016 495 quarto
1032 417 1149 478 decimo

180 525 197 565 a
219 503 355 564 manibus
377 502 493 564 duabus
514 503 579 564 lere
602 502 777 582 aequalibus
800 511 917 563 exarata
941 511 1019 562 sunt.

267 587 332 648 Fol.
359 584 432 649 16012
459 597 574 649 tantum
606 588 848 666 inscriptionem:
887 586 938 647 lib’
967 595 1029 646 sote
1057 587 1152 644 marie

77 676 83 698 '
182 673 302 750 virginis
324 673 355 732 in
378 690 454 733 novo
476 675 659 733 monasterio
681 671 820 750 praebet,
850 671 901 731 lol.
927 667 1001 731 161³
1024 689 1040 729 a
1063 672 1151 730 tertia

180 775 271 818 manu
300 757 442 838 scriptam
464 755 576 834 glosam
606 755 641 816 ad
671 754 722 816 lib.
750 756 802 827 Vl,
832 776 858 816 v.
883 751 960 824 889;
993 755 1046 815 lol.
1078 750 1152 814 retr

181 860 304 903 vacuum
321 841 370 901 lol.
393 837 454 902 162
470 839 572 901 lolium
588 840 734 918 regamini
749 840 898 918 adjectum
914 837 1149 900 membraneum.

265 927 377 987 Textus
397 923 495 986 Troili
525 927 659 1002 integer,
688 923 780 984 codex
803 925 867 1004 ipse
889 941 950 986 non
972 923 1060 1002 plane
1083 940 1151 1001 per·

180 1011 274 1090 lectus
303 1017 357 1070 est.
402 1007 501 1080 Quum
530 1012 611 1070 enim
637 1010 669 1069 in
698 1011 800 1089 priore
830 1017 915 1086 parte
938 1007 1083 1069 librorum
1105 1008 1150 1064 in·

182 1097 371 1174 scriptiones
385 1095 485 1173 eapite
499 1103 589 1172 atque
602 1092 721 1154 litterae
742 1093 869 1154 initiales
890 1095 985 1153 minio
1005 1092 1149 1170 adpictae,

183 1179 368 1257 singulorum
402 1196 542 1240 versuum
571 1176 689 1238 litterae
720 1175 850 1238 initiales
883 1176 978 1238 rubro
1007 1173 1106 1236 colore
1134 1192 1153 1234 a

181 1281 296 1324 summa
326 1281 422 1340 usque
455 1263 491 1322 ad
526 1265 616 1323 imam
646 1265 786 1340 paginam
816 1261 976 1340 insignitae
1004 1267 1085 1329 sunt,
1119 1261 1152 1318 in

180 1356 265 1429 parte
281 1349 384 1417 altera,
409 1347 542 1408 nondum
559 1347 716 1407 desinente
732 1364 822 1408 manu
837 1349 949 1425 priore,
974 1345 1154 1406 miniaturae

181 1433 304 1501 desunt,
328 1449 421 1511 quare
445 1429 596 1491 difficilius
619 1433 716 1509 capita
740 1438 769 1492 et
790 1429 861 1491 libri
882 1432 963 1490 inter
977 1445 1017 1490 se
1039 1428 1153 1488 discer-

79 1512 84 1520 ’
180 1524 303 1582 nuntur.
342 1515 558 1594 Inscriptiones
582 1523 612 1574 et
627 1514 833 1576 distinctiones
847 1513 1059 1594 supplevimus,
1082 1529 1152 1590 pro·

183 1605 314 1662 oemium
338 1600 528 1678 grammatici
550 1602 643 1677 ignoti
659 1599 792 1660 additum
808 1608 854 1660 est
868 1608 901 1659 ut
916 1605 945 1658 et
960 1599 1041 1675 glosa
1058 1596 1154 1657 ultimi

181 1703 285 1746 versus
307 1688 339 1745 in
361 1687 421 1745 line
444 1683 526 1745 libri.
570 1685 696 1762 Margini
719 1683 832 1744 codicis
856 1683 893 1744 ab
916 1691 1043 1762 utraque
1062 1699 1153 1750 mauu

182 1771 306 1831 diversis
329 1771 360 1829 in
383 1768 458 1830 locis
481 1767 602 1829 notulae
625 1769 793 1846 adscriptae
814 1775 893 1837 sunt,
917 1785 991 1846 quas
1010 1765 1153 1825 exhihen-

181 1855 233 1916 das
255 1871 311 1914 nec
334 1853 530 1932 negligendas
552 1871 618 1913 esse
642 1855 822 1930 putavimus.
860 1851 914 1912 Hic
936 1847 998 1911 illic
1020 1851 1051 1909 in
1075 1867 1156 1908 mar·

180 1941 249 2017 gine
276 1939 453 2016 praesertim
482 1939 593 2014 prioris
620 1939 713 2017 partis
741 1935 881 2014 leguntur
909 1935 960 1996 Or.
984 1934 1018 1995 0.
1042 1933 1085 2004 ΑΙ,
1110 1931 1154 1994 dr.

180 2024 267 2085 Hom.
291 2023 363 2083 Stat.
387 2021 459 2082 Luc.
483 2026 535 2082 Ar.
581 2019 643 2099 Vgl.
669 2021 718 2082 Ea.
741 2023 822 2094 Alex,
851 2039 928 2098 quae
950 2021 1033 2096 signa
1059 2017 1155 2077 deno-

180 2115 245 2169 tant
272 2107 441 2175 Horatium,
470 2105 623 2178 Ovidium,
654 2104 738 2167 Alani
759 2103 1036 2172 Antiolaudianum,
1066 2101 1156 2162 Clau-

102 2226 106 2230 ·
180 2193 310 2260 dianam,
333 2191 496 2252 Homerum
519 2190 549 2270 (i.
574 2206 600 2254 e.
616 2189 869 2269 Epitomatorem),
893 2188 1031 2255 Statium,
1052 2187 1153 2248 Luca-

181 2295 267 2344 num,
294 2278 455 2343 Arionem,
483 2275 652 2352 Virgilium,
682 2277 831 2353 Aesopum
862 2275 890 2351 (i.
920 2292 945 2334 e.
968 2273 1161 2350 anonymum

180 2359 342 2440 Neveleti),
379 2358 511 2421 Gualteri
544 2359 803 2420 Alexandreidem.
848 2357 879 2418 Si
915 2374 975 2417 non
1010 2355 1157 2434 expositio

181 2443 365 2523 grammatIci
388 2441 543 2521 cujusdam
568 2445 661 2520 ignoti
684 2443 720 2504 ad
735 2444 854 2504 initium
870 2441 1010 2502 carminis
1028 2449 1057 2499 et
1075 2437 1150 2500 duae

181 2548 287 2591 manus
316 2536 480 2596 exstarent,
515 2528 641 2589 fortasse
671 2536 777 2607 putare
798 2525 1163 2600 liceretemendationes

181 2616 212 2674 in
245 2615 379 2690 margine
409 2620 438 2672 et
465 2613 519 2673 bas
547 2621 632 2672 notas
661 2613 697 2672 ab
726 2614 790 2690 ipso
813 2616 900 2690 poeta
924 2611 1053 2688 scriptas
1077 2624 1152 2674 esse,
1244 2641 1249 2646 —

182 2699 232 2778 qui
263 2697 370 2775 quibus
404 2695 601 2775 scriptoribus
630 2696 835 2774 depromserat
863 2713 981 2762 versus,
1017 2693 1154 2754 indicare

183 2783 317 2843 voluerit.
362 2782 593 2842 Emendationes
625 2782 740 2841 auctori
768 2781 825 2860 ipsi
848 2779 1024 2840 tribuendae
1047 2776 1151 2838 viden·

184 2876 233 2928 tur
255 2867 421 2927 secundnm
443 2883 546 2926 versus
568 2864 629 2925 lib..
645 2865 691 2935 Vl,
717 2861 779 2925 693
795 2883 840 2943 sq.
928 2886 938 2896 .

225 2951 345 3022 „Edidit
368 2951 552 3010 bunc‘sexto
575 2951 693 3010 linitum
719 2967 821 3010 mense
844 2947 989 3017 libellum,

269 3035 322 3097 Cui
346 3044 445 3096 tamen
467 3034 524 3094 boc
548 3042 666 3113 tempus
689 3051 818 3112 syncopa
842 3033 934 3094 multa
957 3031 1034 3092 tulit.

226 3121 363 3181 Correxit
386 3119 542 3199 pigritans.
588 3118 686 3178 Labor
708 3117 766 3186 hic,
790 3135 878 3198 qnam
903 3117 1039 3178 scribere
1064 3112 1159 3191 major

268 3206 305 3264 At
327 3211 483 3265 corrector
505 3206 560 3264 ait:
584 3206 645 3264 sint
666 3210 717 3262 tua
739 3204 765 3264 si
787 3221 845 3282 qua
869 3201 999 3263 valent.“

184 3289 336 3351 Interdum
370 3289 420 3350 hic
450 3287 496 3348 rel
526 3286 575 3348 ille
609 3289 738 3364 scriptor
773 3289 805 3348 in
835 3287 972 3363 margine
1001 3281 1162 3359 adscriptis

185 3375 265 3435 notis
295 3373 369 3434 laiso
403 3374 510 3433 citatur
539 3382 569 3432 et
596 3372 652 3432 sub
676 3370 788 3433 Ovidir
804 3373 925 3432 nomine
959 3387 1048 3446 saepe
1070 3365 1163 3427 Maxi·

187 3460 304 3520 mianus
333 3456 589 3534 (Pseudo-Gallus)
618 3455 793 3536 Pamphilus
822 3463 851 3516 et
874 3456 1025 3533 Beniguus
1049 3450 1164 3525 Floria-
