2618 3984
451 195 513 246 Lib.
529 196 565 246 11.
601 212 626 248 r.
644 201 787 251 ont-647.

181 354 223 416 De
245 352 349 434 clypeo
372 351 476 416 labens
497 356 530 417 in
553 361 621 416 cute
643 354 749 415 vulnus
771 357 839 433 agit.

139 433 251 500 Hector
273 442 303 499 in
326 438 445 518 Ajacem
468 436 593 500 collecto
615 439 723 500 robore
744 440 887 518 grandem

183 524 368 586 Transmittit
389 522 517 603 lapidem
540 531 677 584 sternere
700 525 777 584 mole
800 524 917 586 ducem.

136 610 279 671 atteras
301 609 455 687 excipiens
477 608 581 687 clypeo
604 607 796 688 septemplice
819 623 922 670 sarum

178 693 317 754 Hectoris
339 694 371 752 in
393 709 501 772 eorpus
523 693 636 770 grande
658 694 786 754 remittit
807 711 891 755 onus.

135 779 303 839 decurrunt
325 779 451 855 iterum3
474 775 573 837 rideas
595 779 713 854 insigne
735 774 882 848 duellum;

178 861 311 924 Densaut
333 861 493 922 alterutras
514 860 711 940 percutiendo
733 864 823 922 vices.

139 945 284 1024 Coeperat
306 947 466 1024 igniferum
489 945 575 1006 Titan
597 946 779 1023 immergere
801 962 923 1008 cursum

178 1029 334 1091 Fluctibus
356 1031 523 1109 aequoreis,
548 1046 667 1109 noxque
690 1029 792 1091 subire
814 1029 930 1108 polum;

136 1112 194 1184 Qui
218 1114 360 1176 dirimant
381 1133 398 1175 a
421 1113 513 1176 caede
535 1114 613 1174 viros
635 1116 792 1176 mittuntur
814 1117 967 1194 utrinque,

179 1197 247 1260 Non
268 1207 367 1260 tamen
390 1199 421 1260 bi
442 1196 557 1277 gladios
579 1199 699 1277 segnius
721 1201 765 1260 ire
787 1201 898 1261 sinunt.

135 1282 188 1344 nte
210 1291 242 1344 tu
265 1302 340 1364 quae
363 1285 468 1360 patria,
492 1285 538 1343 vir
560 1291 690 1353 strenue,
714 1285 823 1365 quique
844 1290 985 1363 parentes

177 1365 259 1436 Quae
281 1376 331 1429 tua
354 1365 503 1444 nobilitas,
526 1385 602 1446 quae
625 1367 751 1430 domus?
788 1367 900 1429 Hector
922 1369 970 1428 ait.

138 1450 190 1513 Est
210 1450 362 1532 praeclara
386 1451 500 1521 domus,
523 1455 621 1532 inquit
642 1451 835 1514 Telamonius
856 1453 955 1521 beros,

176 1535 281 1597 Inclita
303 1535 451 1606 nobilitas,
475 1537 568 1616 stirps
589 1553 733 1615 generosa
756 1537 840 1598 mibi.
909 1599 914 1607 ,

137 1619 230 1682 Filius
251 1621 408 1701 Hesyonae
430 1638 506 1691 sum,
530 1639 605 1701 quae
627 1621 664 1682 de
686 1624 822 1700 germine
846 1621 924 1682 venit

176 1703 407 1776 Laomedonteo,
430 1705 490 1765 lilia
513 1706 596 1766 cuius
617 1711 691 1767 erat.

132 1789 326 1859 Absistemus,
350 1793 401 1859 ait,
415 1791 546 1868 'sanguis
568 1791 735 1850 communis
756 1792 887 1869 utrique,

176 1873 244 1934 blox
266 1876 489 1951 consanguineo
511 1877 608 1950 parcit
630 1881 755 1954 uterque
779 1893 847 1942 suo:

131 1955 370 2038 Muneribusque
393 1959 468 2020 datis
490 1956 568 2019 nodo
591 1967 750 2019 nectuntur
772 1959 882 2020 amoris

177 2041 215 2102 Et
235 2049 313 2102 vetat
334 2041 463 2104 urendas
485 2041 595 2104 Hector
617 2042 655 2104 ab
677 2044 744 2120 igne
767 2049 857 2104 rates.

132 2227 334 2236 ο-κ--Μ

199 2363 291 2426 Ensis,
309 2365 337 2412 et
354 2362 454 2427 exiguo
473 2361 609 2413 cervicem
627 2362 741 2414 vnlnere
760 2361 839 2415 libat.

199 2429 298 2480 Aerios
317 2430 462 2481 adversum
479 2444 574 2480 rursus
591 2431 735 2494 consurgit
751 2429 780 2478 in
796 2429 914 2481 bostem'

199 2497 363 2558 Priamides,
381 2510 431 2547 neo
445 2494 502 2560 jem
520 2497 594 2548 ferro
612 2497 762 2548 Telamone
781 2501 904 2547 cresium

200 2563 256 2614 Sed
274 2579 375 2629 magno
393 2566 455 2615 saxi
468 2563 551 2629 jactu
569 2565 655 2629 petit3
672 2568 702 2615 at
719 2563 793 2615 lorus
811 2563 883 2628 Ajsx

198 2632 344 2696 Ingentem
362 2631 458 2696 clypeo
476 2631 655 2697 septemplice
672 2630 779 2696 depulit
795 2633 891 2697 ictum,

200 2699 239 2748 nt
253 2697 385 2761 juvenem
403 2713 471 2749 sexo
487 2713 647 2765 percussum
666 2701 765 2749 sternit
783 2698 886 2751 eodem.

199 2767 283 2829 Quem
301 2765 377 2818 levat
394 2771 537 2831 exceptum
556 2764 647 2832 Grsjis
664 2767 791 2818 inimicus
809 2767 908 2832 Apollo

197 2831 377 2900 Integratque
394 2834 523 2896 animum,
538 2833 597 2897 jam
614 2849 709 2884 rursus
726 2834 762 2884 sd
781 2850 858 2886 arms
876 2836 998 2900 coibant,

198 2899 434 2966 Stringebantque
452 2903 549 2950 iterum
568 2901 683 2967 gladios,
704 2908 755 2952 eto.

130 2986 258 3038 oet-ae.
287 2985 358 3036 Toto
379 2985 442 3036 loco
464 2985 587 3036 imitatus
605 2990 648 3036 est
665 2984 793 3038 Albertus
812 2987 959 3052 Epitomen
977 2989 1025 3039 sed
1042 2990 1094 3039 bos

128 3065 226 3102 versus
241 3067 330 3116 paene
348 3053 516 3104 verbotenus
535 3053 681 3104 desumsit:

197 3134 336 3201 Coeperat
351 3137 488 3202 igniferos
505 3138 590 3188 Titan
608 3138 768 3202 immergere
787 3133 902 3202 currus(

195 3203 313 3268 Noxque
331 3205 423 3256 subire
441 3204 547 3270 polum:
564 3203 647 3268 juxte
665 3204 818 3269 mittuntur,
835 3213 966 3275 utrosque

198 3270 252 3332 Qui
270 3271 435 3323 dirimente
453 3273 538 3324 caede
556 3272 639 3336 viros,
658 3287 710 3322 nee
728 3276 839 3338 segnius
856 3275 899 3326 illi

199 3333 348 3403 Deponunt
366 3339 472 3390 animos
489 3346 541 3393 ete.
578 3338 648 3390 Sunt
664 3338 704 3389 ibi
721 3343 780 3396 618,
801 3345 839 3394 19.
858 3345 900 3395 20.
918 3345 960 3394 21.

126 3423 185 3476 ott.
205 3422 274 3475 eoo.
293 3423 386 3490 strips.
455 3428 513 3482 643,
532 3423 599 3480 Cod.
618 3424 811 3482 Lasnedonteo.
881 3431 941 3480 ott.
968 3409 1093 3496 deprom-

126 3497 172 3540 tus
192 3505 225 3542 ex
243 3491 350 3556 epitom.
369 3495 428 3547 629.
