2618 3984
514 183 576 236 Lib.
595 185 630 235 II.
667 200 693 240 r.
712 185 855 236 tte—802.

433 381 581 437 naccon
598 381 738 437 anema
757 341 940 441 ermannus

201 521 302 584 'titoni
326 539 463 582 croceum
487 519 625 599 linquens
646 523 761 582 turona
784 520 884 582 cubile
1116 533 1168 583 775

242 605 322 668 Luce
344 604 551 684 smaragdinea
574 604 742 666 laetificavit
764 605 897 666 humum.

200 689 311 751 Hector
334 698 363 751 et
384 691 499 751 deneas
520 690 695 769 procedunt,
720 689 764 749 ala
787 689 933 760 Quiritum

243 773 449 855 Subsequitur,
472 776 607 853 sequitur
629 780 690 834 tota
710 771 832 850 juventa
854 775 1014 853 Phrygum.

140 898 148 911 s
199 859 326 920 Pulcher
348 858 516 920 Alexander
539 860 629 918 etiam
650 861 822 936 capitaneus
844 865 921 919 astat

244 944 336 1024 Hujus
358 945 454 1022 imago
477 943 548 1004 mali
570 951 652 1004 certa
674 943 759 1002 ruina
783 942 870 1013 boni;
1115 955 1167 1003 780

199 1027 289 1107 Cujus
310 1036 356 1088 tot
378 1045 537 1107 procerum
561 1027 708 1088 transfixit
730 1025 805 1086 colla
827 1025 928 1087 libido.

241 1113 298 1173 Tot
319 1113 405 1183 mala,
429 1120 476 1173 tot
497 1121 609 1172 mortes
632 1111 706 1171 lecit
726 1111 846 1188 iniquus
868 1130 962 1172 amor.

198 1197 240 1258 Ol
262 1199 386 1266 utinam,
411 1206 481 1258 tune
504 1212 572 1256 eum
595 1195 818 1257 Lacedaemona
841 1197 934 1256 classe
957 1196 1087 1274 petebat,

242 1275 374 1341 Obrutus
396 1281 508 1342 insanis
530 1279 579 1340 ille
602 1281 708 1340 luisset
729 1282 826 1356 aquis.

199 1365 285 1426 Esset
309 1363 458 1434 adulterio„
476 1363 630 1443 praeclara
653 1366 756 1440 nociva
779 1362 871 1424 libido
1111 1375 1164 1424 785

240 1449 454 1527 Mansissetque
477 1450 539 1508 viro
562 1449 690 1510 foemina
713 1446 769 1508 lida
793 1467 856 1518 suo,

197 1533 259 1594 Nec
282 1535 497 1594 successissent
517 1532 675 1594 homicidia
699 1541 788 1600 tanta,
812 1550 868 1593 nee
890 1532 973 1594 orbis

241 1618 293 1678 His
316 1619 396 1698 toret
416 1617 541 1679 alssictus
562 1617 666 1679 Martis
689 1634 791 1677 amore
814 1618 897 1686 mali;

200 1703 259 1762 Sed
282 1721 337 1763 nee
360 1704 390 1762 in
413 1703 537 1762 historia
560 1700 688 1780 Trojano
711 1709 755 1761 tot
777 1702 906 1763 vitiasset
1039 1747 1042 1752 ,

240 1785 327 1846 Nullo
349 1784 484 1865 subjecto
507 1784 607 1847 tabula
629 1784 702 1846 tulta
726 1784 830 1846 libros.
1111 1795 1162 1844 tuo

198 1871 274 1932 Urbs
295 1871 440 1950 populosa
462 1878 561 1932 tamen
585 1870 673 1930 hodie
695 1870 822 1930 tortasse
844 1880 986 1940 maneret,

238 1954 411 2035 Praecepto,
435 1955 565 2017 Priame!
588 1955 613 2014 si
634 1954 714 2014 toret
735 1972 789 2015 usa
811 1963 872 2016 tuo.

197 2039 367 2102 Occurrunt
389 2041 493 2111 Danai,
515 2036 665 2099 Menelaus
687 2041 719 2098 in
743 2041 862 2118 agmine
883 2041 998 2118 primus

239 2125 411 2184 Instaurans
433 2127 516 2184 acies
538 2122 616 2184 bella
637 2123 781 2184 movenda
804 2132 914 2184 monet.

196 2209 294 2269 Fortis
318 2215 346 2268 et
367 2227 437 2269 acer
460 2216 535 2282 erat,
557 2209 671 2268 variare
693 2206 823 2268 labantia
846 2209 936 2268 eorda
1111 2217 1163 2266 795

238 2291 377 2363 Noverat,
401 2291 479 2354 baud
503 2293 619 2370 lugiens
642 2292 753 2352 hostica
775 2300 859 2368 terga
880 2293 974 2370 lugat.

197 2375 331 2438 Rivalem
354 2379 503 2456 patienter
525 2375 625 2446 babet,
648 2392 741 2455 prope
764 2376 892 2455 denique
913 2374 1025 2452 stabat3

183 2491 185 2494 ·
229 2460 304 2533 ,Non
327 2459 405 2531 livet,
430 2459 556 2530 mordet,
578 2459 689 2522 lumina
713 2469 795 2521 torva
818 2468 911 2522 tenet.

195 2545 237 2605 ml
262 2547 360 2606 socios
382 2545 526 2606 vibrando
549 2553 639 2623 caput
660 2562 692 2604 se
716 2547 802 2606 vertit
824 2544 942 2614 acerbe,

237 2629 399 2709 Tamquam
423 2628 459 2690 de
481 2635 565 2709 rapta
588 2627 716 2707 conjuge
739 2628 827 2689 verba
852 2629 945 2692 daret
1106 2636 1161 2686 800

196 2714 338 2774 Conscius
360 2716 425 2793 ipse
446 2712 503 2776 sibi
525 2713 562 2774 de
585 2731 617 2774 se
639 2720 724 2791 putat
746 2714 845 2774 omnia
867 2713 926 2774 dici

237 2797 273 2858 Et
296 2798 373 2878 pede
396 2796 573 2876 retrogrado
595 2799 681 2874 lingit
703 2797 787 2860 abire
809 2799 904 2877 quasi.

196 2969 266 2974 ...ψ-ψ..
270 2969 394 2976 ...ο-η...-

262 3068 321 3117 775.
348 3070 391 3117 eat
421 3066 496 3131 Virg.
526 3065 594 3116 Aen.
614 3065 663 3130 IV,
681 3067 740 3119 585.
767 3065 819 3125 IX,
840 3066 901 3120 460.
923 3065 1023 3129 Georg.
1048 3067 1072 3114 1.
1099 3067 1161 3116 44⁷.

195 3133 253 3184 776.
273 3135 385 3198 Margo:
404 3133 502 3197 Pugna
520 3133 624 3196 quinta.
660 3134 692 3183 In
715 3148 768 3197 qua
786 3132 928 3184 Menelaus
947 3135 975 3182 ct
993 3131 1160 3195 Alexander,

195 3202 242 3264 qui
261 3201 352 3251 dictus
370 3205 415 3252 eat
432 3199 526 3262 Paris,
549 3199 763 3265 congrediuntur
781 3206 810 3252 et
827 3200 971 3251 Menelaus
989 3199 1159 3254 vulneratur.

194 3269 252 3319 783.
271 3269 312 3318 84.
340 3267 434 3320 Ovidii
459 3266 573 3318 Heroid.
597 3268 620 3331 1,
639 3269 663 3330 5,
681 3269 706 3316 6.
736 3268 783 3318 ubi
811 3274 917 3318 tamen:
949 3272 1024 3319 esaet
1050 3265 1161 3317 adulter

192 3335 285 3400 aquis.
370 3337 428 3388 786.
461 3335 529 3385 viro.
552 3335 629 3398 viro„
657 3350 707 3385 noa
734 3337 793 3386 viro
816 3351 876 3388 auo.
962 3337 1020 3388 788.
1055 3349 1159 3386 amare.

194 3405 253 3455 792.
276 3403 389 3468 Margo:
410 3403 592 3467 Praeceptum
608 3402 711 3452 Priami
730 3402 785 3453 fuit
802 3406 833 3454 ut
851 3401 998 3454 traditores
1016 3402 1094 3454 urbia
1112 3417 1161 3452 oe-

194 3469 360 3520 ciderentur.
412 3471 470 3520 784.
484 3469 542 3522 eod.
561 3468 704 3523 monenda.
755 3472 815 3522 801.
835 3469 931 3520 (laton.
951 3470 1072 3522 Distieh.
1083 3469 1160 3532 1‚tt.
