<?xml version="1.0" encoding="UTF-8"?>
<!DOCTYPE html PUBLIC "-//W3C//DTD XHTML 1.0 Transitional//EN"
    "http://www.w3.org/TR/xhtml1/DTD/xhtml1-transitional.dtd">
<html xmlns="http://www.w3.org/1999/xhtml" xml:lang="en" lang="en">
 <head>
  <title>
</title>
<meta http-equiv="Content-Type" content="text/html;charset=utf-8" />
  <meta name='ocr-system' content='tesseract 3.04.00' />
  <meta name='ocr-capabilities' content='ocr_page ocr_carea ocr_par ocr_line ocrx_word'/>
</head>
<body>
  <div class='ocr_page' id='page_1' title='image "./troilusalbertis00albegoog_0136.png"; bbox 0 0 2618 3984; ppageno 0'>
   <div class='ocr_carea' id='block_1_1' title="bbox 473 151 1141 251">
    <p class='ocr_par' dir='ltr' id='par_1_1' title="bbox 473 151 1141 251">
     <span class='ocr_line' id='line_1_1' title="bbox 473 151 1141 251; baseline 0.01 -7"><span class='ocrx_word' id='word_1_1' title='bbox 473 195 536 246; x_wconf 79' lang='lat' dir='ltr'><strong>uio.</strong></span> <span class='ocrx_word' id='word_1_2' title='bbox 554 195 603 247; x_wconf 81' lang='lat' dir='ltr'><strong>ry.</strong></span> <span class='ocrx_word' id='word_1_3' title='bbox 631 210 656 246; x_wconf 81' lang='lat' dir='ltr'><strong>v.</strong></span> <span class='ocrx_word' id='word_1_4' title='bbox 673 193 818 245; x_wconf 79' lang='lat' dir='ltr'><strong>tae-491.</strong></span> <span class='ocrx_word' id='word_1_5' title='bbox 936 151 940 156; x_wconf 43' lang='grc'><em>’</em></span> <span class='ocrx_word' id='word_1_6' title='bbox 1068 163 1141 251; x_wconf 79' lang='lat' dir='ltr'><strong>lii</strong></span> 
     </span>
    </p>
   </div>
   <div class='ocr_carea' id='block_1_2' title="bbox 281 337 1008 418">
    <p class='ocr_par' dir='ltr' id='par_1_2' title="bbox 281 337 1008 418">
     <span class='ocr_line' id='line_1_2' title="bbox 281 337 1008 418; baseline -0.012 -16"><span class='ocrx_word' id='word_1_7' title='bbox 281 343 442 418; x_wconf 80' lang='lat' dir='ltr'><strong>[GAEDEM</strong></span> <span class='ocrx_word' id='word_1_8' title='bbox 459 341 626 400; x_wconf 85' lang='lat' dir='ltr'>ACHILLIS</span> <span class='ocrx_word' id='word_1_9' title='bbox 644 340 863 397; x_wconf 81' lang='lat' dir='ltr'><strong>PRAEPARAT</strong></span> <span class='ocrx_word' id='word_1_10' title='bbox 880 337 1008 410; x_wconf 64' lang='lat' dir='ltr'><strong>Parata]</strong></span> 
     </span>
    </p>
   </div>
   <div class='ocr_carea' id='block_1_3' title="bbox 165 446 1080 1122">
    <p class='ocr_par' dir='ltr' id='par_1_3' title="bbox 165 446 1080 614">
     <span class='ocr_line' id='line_1_3' title="bbox 165 446 1080 532; baseline -0.01 -17"><span class='ocrx_word' id='word_1_11' title='bbox 165 455 297 532; x_wconf 84' lang='lat' dir='ltr'>Tempus</span> <span class='ocrx_word' id='word_1_12' title='bbox 321 461 394 520; x_wconf 87' lang='lat' dir='ltr'><strong>erat,</strong></span> <span class='ocrx_word' id='word_1_13' title='bbox 419 470 477 530; x_wconf 90' lang='lat' dir='ltr'><strong>quo</strong></span> <span class='ocrx_word' id='word_1_14' title='bbox 500 459 605 510; x_wconf 83' lang='lat' dir='ltr'><strong>cuneta</strong></span> <span class='ocrx_word' id='word_1_15' title='bbox 628 449 726 519; x_wconf 86' lang='lat' dir='ltr'><strong>silent,</strong></span> <span class='ocrx_word' id='word_1_16' title='bbox 751 468 819 510; x_wconf 92' lang='lat' dir='ltr'><strong>cum</strong></span> <span class='ocrx_word' id='word_1_17' title='bbox 839 446 968 508; x_wconf 89' lang='lat' dir='ltr'><strong>lortibus</strong></span> <span class='ocrx_word' id='word_1_18' title='bbox 990 446 1080 506; x_wconf 91' lang='lat' dir='ltr'><strong>armis</strong></span> 
     </span>
     <span class='ocr_line' id='line_1_4' title="bbox 209 533 813 614; baseline -0.01 -16"><span class='ocrx_word' id='word_1_19' title='bbox 209 539 316 598; x_wconf 82' lang='lat' dir='ltr'><strong>Fortes</strong></span> <span class='ocrx_word' id='word_1_20' title='bbox 339 539 370 596; x_wconf 94' lang='lat' dir='ltr'><strong>in</strong></span> <span class='ocrx_word' id='word_1_21' title='bbox 394 535 453 597; x_wconf 89' lang='lat' dir='ltr'><strong>lani</strong></span> <span class='ocrx_word' id='word_1_22' title='bbox 476 533 602 614; x_wconf 84' lang='lat' dir='ltr'><strong>collocat</strong></span> <span class='ocrx_word' id='word_1_23' title='bbox 625 535 697 594; x_wconf 83' lang='lat' dir='ltr'>aede</span> <span class='ocrx_word' id='word_1_24' title='bbox 720 535 813 595; x_wconf 87' lang='lat' dir='ltr'><strong>Paris.</strong></span> 
     </span>
    </p>

    <p class='ocr_par' dir='ltr' id='par_1_4' title="bbox 165 619 979 783">
     <span class='ocr_line' id='line_1_5' title="bbox 165 619 920 696; baseline -0.011 -13"><span class='ocrx_word' id='word_1_25' title='bbox 165 623 308 684; x_wconf 85' lang='lat' dir='ltr'>Protinus</span> <span class='ocrx_word' id='word_1_26' title='bbox 330 629 362 681; x_wconf 91' lang='lat' dir='ltr'><strong>ut</strong></span> <span class='ocrx_word' id='word_1_27' title='bbox 384 619 478 689; x_wconf 85' lang='lat' dir='ltr'><strong>vohis,</strong></span> <span class='ocrx_word' id='word_1_28' title='bbox 503 622 553 689; x_wconf 88' lang='lat' dir='ltr'><strong>ait,</strong></span> <span class='ocrx_word' id='word_1_29' title='bbox 577 626 766 680; x_wconf 87' lang='lat' dir='ltr'><strong>ostentavero</strong></span> <span class='ocrx_word' id='word_1_30' title='bbox 789 620 920 696; x_wconf 81' lang='lat' dir='ltr'><strong>signum,</strong></span> 
     </span>
     <span class='ocr_line' id='line_1_6' title="bbox 210 704 979 783; baseline -0.005 -16"><span class='ocrx_word' id='word_1_31' title='bbox 210 704 353 768; x_wconf 81' lang='lat' dir='ltr'><strong>Aeacidae</strong></span> <span class='ocrx_word' id='word_1_32' title='bbox 378 712 474 766; x_wconf 90' lang='lat' dir='ltr'><strong>vester</strong></span> <span class='ocrx_word' id='word_1_33' title='bbox 496 705 526 764; x_wconf 93' lang='lat' dir='ltr'><strong>in</strong></span> <span class='ocrx_word' id='word_1_34' title='bbox 550 713 637 783; x_wconf 87' lang='lat' dir='ltr'><strong>caput</strong></span> <span class='ocrx_word' id='word_1_35' title='bbox 661 707 739 764; x_wconf 90' lang='lat' dir='ltr'><strong>ensis</strong></span> <span class='ocrx_word' id='word_1_36' title='bbox 762 711 818 772; x_wconf 89' lang='lat' dir='ltr'><strong>eat,</strong></span> <span class='ocrx_word' id='word_1_37' title='bbox 976 704 979 709; x_wconf 85' lang='grc'><strong>’</strong></span> 
     </span>
    </p>

    <p class='ocr_par' dir='ltr' id='par_1_5' title="bbox 166 787 1025 956">
     <span class='ocr_line' id='line_1_7' title="bbox 166 787 1025 871; baseline -0.009 -17"><span class='ocrx_word' id='word_1_38' title='bbox 166 790 285 871; x_wconf 81' lang='lat' dir='ltr'>Spicula</span> <span class='ocrx_word' id='word_1_39' title='bbox 308 790 398 852; x_wconf 86' lang='lat' dir='ltr'><strong>densa</strong></span> <span class='ocrx_word' id='word_1_40' title='bbox 420 788 519 868; x_wconf 86' lang='lat' dir='ltr'><strong>gulam</strong></span> <span class='ocrx_word' id='word_1_41' title='bbox 542 797 729 868; x_wconf 87' lang='lat' dir='ltr'><strong>percurrant,</strong></span> <span class='ocrx_word' id='word_1_42' title='bbox 754 787 859 848; x_wconf 89' lang='lat' dir='ltr'><strong>lancea</strong></span> <span class='ocrx_word' id='word_1_43' title='bbox 883 795 1025 856; x_wconf 87' lang='lat' dir='ltr'><strong>ventrem,</strong></span> 
     </span>
     <span class='ocr_line' id='line_1_8' title="bbox 210 871 951 956; baseline -0.008 -20"><span class='ocrx_word' id='word_1_44' title='bbox 210 876 347 954; x_wconf 85' lang='lat' dir='ltr'><strong>Deprope</strong></span> <span class='ocrx_word' id='word_1_45' title='bbox 370 873 451 936; x_wconf 83' lang='lat' dir='ltr'><strong>st&#39;ans</strong></span> <span class='ocrx_word' id='word_1_46' title='bbox 474 873 576 956; x_wconf 88' lang='lat' dir='ltr'><strong>ambas</strong></span> <span class='ocrx_word' id='word_1_47' title='bbox 599 872 733 934; x_wconf 90' lang='lat' dir='ltr'><strong>abscidat</strong></span> <span class='ocrx_word' id='word_1_48' title='bbox 756 891 827 933; x_wconf 86' lang='lat' dir='ltr'><strong>ense</strong></span> <span class='ocrx_word' id='word_1_49' title='bbox 849 871 951 950; x_wconf 91' lang='lat' dir='ltr'><strong>pedes.</strong></span> 
     </span>
    </p>

    <p class='ocr_par' dir='ltr' id='par_1_6' title="bbox 167 958 880 1122">
     <span class='ocr_line' id='line_1_9' title="bbox 167 958 861 1038; baseline -0.012 -14"><span class='ocrx_word' id='word_1_50' title='bbox 167 963 230 1024; x_wconf 90' lang='lat' dir='ltr'><strong>Nec</strong></span> <span class='ocrx_word' id='word_1_51' title='bbox 253 963 337 1038; x_wconf 88' lang='lat' dir='ltr'><strong>prius</strong></span> <span class='ocrx_word' id='word_1_52' title='bbox 360 959 454 1038; x_wconf 85' lang='lat' dir='ltr'><strong>insani</strong></span> <span class='ocrx_word' id='word_1_53' title='bbox 478 958 629 1038; x_wconf 91' lang='lat' dir='ltr'><strong>deponant</strong></span> <span class='ocrx_word' id='word_1_54' title='bbox 652 977 733 1018; x_wconf 88' lang='lat' dir='ltr'><strong>arma</strong></span> <span class='ocrx_word' id='word_1_55' title='bbox 756 958 861 1018; x_wconf 78' lang='lat' dir='ltr'><strong>lacerti</strong></span> 
     </span>
     <span class='ocr_line' id='line_1_10' title="bbox 209 1041 880 1122; baseline -0.007 -16"><span class='ocrx_word' id='word_1_56' title='bbox 209 1045 301 1117; x_wconf 84' lang='lat' dir='ltr'><strong>Quam</strong></span> <span class='ocrx_word' id='word_1_57' title='bbox 324 1043 407 1105; x_wconf 87' lang='lat' dir='ltr'><strong>ierus</strong></span> <span class='ocrx_word' id='word_1_58' title='bbox 429 1043 571 1104; x_wconf 82' lang='lat' dir='ltr'><strong>Aeacides</strong></span> <span class='ocrx_word' id='word_1_59' title='bbox 593 1042 691 1103; x_wconf 89' lang='lat' dir='ltr'><strong>vivere</strong></span> <span class='ocrx_word' id='word_1_60' title='bbox 714 1052 806 1122; x_wconf 91' lang='lat' dir='ltr'><strong>ponat</strong></span> <span class='ocrx_word' id='word_1_61' title='bbox 827 1041 880 1102; x_wconf 89' lang='lat' dir='ltr'><strong>ibi.</strong></span> 
     </span>
    </p>
   </div>
   <div class='ocr_carea' id='block_1_4' title="bbox 472 1189 826 1260">
    <p class='ocr_par' dir='ltr' id='par_1_7' title="bbox 472 1189 826 1260">
     <span class='ocr_line' id='line_1_11' title="bbox 472 1189 826 1260; baseline 0 -16"><span class='ocrx_word' id='word_1_62' title='bbox 472 1189 617 1260; x_wconf 78' lang='lat' dir='ltr'><strong>[omres</strong></span> <span class='ocrx_word' id='word_1_63' title='bbox 634 1189 826 1259; x_wconf 77' lang='lat' dir='ltr'><strong>nemone]</strong></span> 
     </span>
    </p>
   </div>
   <div class='ocr_carea' id='block_1_5' title="bbox 166 1295 1136 3070">
    <p class='ocr_par' dir='ltr' id='par_1_8' title="bbox 169 1295 860 1462">
     <span class='ocr_line' id='line_1_12' title="bbox 169 1295 852 1365; baseline -0.01 -2"><span class='ocrx_word' id='word_1_64' title='bbox 169 1297 268 1363; x_wconf 81' lang='lat' dir='ltr'><strong>Altera</strong></span> <span class='ocrx_word' id='word_1_65' title='bbox 291 1298 341 1359; x_wconf 80' lang='lat' dir='ltr'><strong>lux</strong></span> <span class='ocrx_word' id='word_1_66' title='bbox 363 1296 452 1365; x_wconf 92' lang='lat' dir='ltr'><strong>lucet,</strong></span> <span class='ocrx_word' id='word_1_67' title='bbox 478 1295 562 1357; x_wconf 90' lang='lat' dir='ltr'><strong>coelo</strong></span> <span class='ocrx_word' id='word_1_68' title='bbox 584 1295 627 1357; x_wconf 89' lang='lat' dir='ltr'><strong>sol</strong></span> <span class='ocrx_word' id='word_1_69' title='bbox 651 1315 759 1358; x_wconf 88' lang='lat' dir='ltr'><strong>aureus</strong></span> <span class='ocrx_word' id='word_1_70' title='bbox 783 1299 852 1365; x_wconf 84' lang='lat' dir='ltr'><strong>exit,</strong></span> 
     </span>
     <span class='ocr_line' id='line_1_13' title="bbox 211 1379 860 1462; baseline -0.003 -20"><span class='ocrx_word' id='word_1_71' title='bbox 211 1382 326 1444; x_wconf 83' lang='lat' dir='ltr'><strong>Fanum</strong></span> <span class='ocrx_word' id='word_1_72' title='bbox 347 1381 467 1442; x_wconf 86' lang='lat' dir='ltr'><strong>Pelides</strong></span> <span class='ocrx_word' id='word_1_73' title='bbox 489 1379 722 1458; x_wconf 77' lang='lat' dir='ltr'><strong>Antilochusqne</strong></span> <span class='ocrx_word' id='word_1_74' title='bbox 744 1390 860 1462; x_wconf 89' lang='lat' dir='ltr'><strong>petunt.</strong></span> 
     </span>
    </p>

    <p class='ocr_par' dir='ltr' id='par_1_9' title="bbox 168 1465 954 1628">
     <span class='ocr_line' id='line_1_14' title="bbox 168 1465 954 1546; baseline -0.006 -15"><span class='ocrx_word' id='word_1_75' title='bbox 168 1467 314 1532; x_wconf 87' lang='lat' dir='ltr'><strong>Crednlus</strong></span> <span class='ocrx_word' id='word_1_76' title='bbox 337 1468 372 1528; x_wconf 93' lang='lat' dir='ltr'><strong>ad</strong></span> <span class='ocrx_word' id='word_1_77' title='bbox 398 1485 498 1527; x_wconf 86' lang='lat' dir='ltr'><strong>vocem</strong></span> <span class='ocrx_word' id='word_1_78' title='bbox 521 1465 656 1527; x_wconf 88' lang='lat' dir='ltr'><strong>mulieris</strong></span> <span class='ocrx_word' id='word_1_79' title='bbox 678 1469 824 1546; x_wconf 83' lang='lat' dir='ltr'><strong>provenit,</strong></span> <span class='ocrx_word' id='word_1_80' title='bbox 848 1469 954 1544; x_wconf 74' lang='lat' dir='ltr'><strong>impoS,</strong></span> 
     </span>
     <span class='ocr_line' id='line_1_15' title="bbox 187 1550 892 1628; baseline -0.007 -13"><span class='ocrx_word' id='word_1_81' title='bbox 187 1553 351 1616; x_wconf 81' lang='lat' dir='ltr'><strong>&#39;Concitus</strong></span> <span class='ocrx_word' id='word_1_82' title='bbox 373 1561 441 1612; x_wconf 91' lang='lat' dir='ltr'><strong>ante</strong></span> <span class='ocrx_word' id='word_1_83' title='bbox 464 1550 553 1620; x_wconf 86' lang='lat' dir='ltr'><strong>iores,</strong></span> <span class='ocrx_word' id='word_1_84' title='bbox 577 1552 661 1611; x_wconf 92' lang='lat' dir='ltr'><strong>irrita</strong></span> <span class='ocrx_word' id='word_1_85' title='bbox 684 1561 751 1612; x_wconf 83' lang='lat' dir='ltr'><strong>vota</strong></span> <span class='ocrx_word' id='word_1_86' title='bbox 773 1569 892 1628; x_wconf 81' lang='lat' dir='ltr'><strong>gerens.</strong></span> 
     </span>
    </p>

    <p class='ocr_par' dir='ltr' id='par_1_10' title="bbox 166 1635 975 1795">
     <span class='ocr_line' id='line_1_16' title="bbox 166 1635 961 1716; baseline -0.008 -16"><span class='ocrx_word' id='word_1_87' title='bbox 166 1637 227 1700; x_wconf 88' lang='lat' dir='ltr'><strong>Pro</strong></span> <span class='ocrx_word' id='word_1_88' title='bbox 249 1637 365 1716; x_wconf 83' lang='lat' dir='ltr'><strong>superi!</strong></span> <span class='ocrx_word' id='word_1_89' title='bbox 388 1642 530 1716; x_wconf 89' lang='lat' dir='ltr'><strong>quantum</strong></span> <span class='ocrx_word' id='word_1_90' title='bbox 553 1635 687 1696; x_wconf 88' lang='lat' dir='ltr'><strong>mortalia</strong></span> <span class='ocrx_word' id='word_1_91' title='bbox 710 1646 831 1716; x_wconf 89' lang='lat' dir='ltr'><strong>pectora</strong></span> <span class='ocrx_word' id='word_1_92' title='bbox 855 1652 961 1698; x_wconf 85' lang='lat' dir='ltr'><strong>caecae</strong></span> 
     </span>
     <span class='ocr_line' id='line_1_17' title="bbox 211 1719 975 1795; baseline -0.005 -12"><span class='ocrx_word' id='word_1_93' title='bbox 211 1723 312 1784; x_wconf 87' lang='lat' dir='ltr'><strong>Noctis</strong></span> <span class='ocrx_word' id='word_1_94' title='bbox 334 1720 460 1788; x_wconf 90' lang='lat' dir='ltr'><strong>babent;</strong></span> <span class='ocrx_word' id='word_1_95' title='bbox 483 1723 607 1795; x_wconf 80' lang='lat' dir='ltr'><strong>intrant,</strong></span> <span class='ocrx_word' id='word_1_96' title='bbox 630 1719 709 1781; x_wconf 90' lang='lat' dir='ltr'><strong>nulla</strong></span> <span class='ocrx_word' id='word_1_97' title='bbox 733 1723 836 1782; x_wconf 84' lang='lat' dir='ltr'><strong>nociva</strong></span> <span class='ocrx_word' id='word_1_98' title='bbox 858 1723 975 1781; x_wconf 85' lang='lat' dir='ltr'><strong>timent.</strong></span> 
     </span>
    </p>

    <p class='ocr_par' dir='ltr' id='par_1_11' title="bbox 167 1806 898 1968">
     <span class='ocr_line' id='line_1_18' title="bbox 167 1806 898 1884; baseline -0.005 -16"><span class='ocrx_word' id='word_1_99' title='bbox 167 1806 297 1868; x_wconf 87' lang='lat' dir='ltr'><strong>Insidiae</strong></span> <span class='ocrx_word' id='word_1_100' title='bbox 320 1813 461 1882; x_wconf 78' lang='lat' dir='ltr'><strong>surgunt;</strong></span> <span class='ocrx_word' id='word_1_101' title='bbox 485 1807 574 1884; x_wconf 90' lang='lat' dir='ltr'><strong>capiti</strong></span> <span class='ocrx_word' id='word_1_102' title='bbox 596 1823 628 1865; x_wconf 91' lang='lat' dir='ltr'><strong>se</strong></span> <span class='ocrx_word' id='word_1_103' title='bbox 651 1823 754 1866; x_wconf 82' lang='lat' dir='ltr'><strong>mucro</strong></span> <span class='ocrx_word' id='word_1_104' title='bbox 778 1806 898 1865; x_wconf 89' lang='lat' dir='ltr'><strong>maritat</strong></span> 
     </span>
     <span class='ocr_line' id='line_1_19' title="bbox 212 1888 878 1968; baseline -0.002 -17"><span class='ocrx_word' id='word_1_105' title='bbox 212 1891 343 1968; x_wconf 85' lang='lat' dir='ltr'><strong>Telaque</strong></span> <span class='ocrx_word' id='word_1_106' title='bbox 366 1907 420 1968; x_wconf 91' lang='lat' dir='ltr'><strong>pro</strong></span> <span class='ocrx_word' id='word_1_107' title='bbox 444 1888 510 1950; x_wconf 92' lang='lat' dir='ltr'><strong>telis</strong></span> <span class='ocrx_word' id='word_1_108' title='bbox 532 1889 580 1949; x_wconf 91' lang='lat' dir='ltr'><strong>hic</strong></span> <span class='ocrx_word' id='word_1_109' title='bbox 604 1888 727 1950; x_wconf 87' lang='lat' dir='ltr'><strong>volitare</strong></span> <span class='ocrx_word' id='word_1_110' title='bbox 750 1891 847 1956; x_wconf 78' lang='lat' dir='ltr'><strong>vides:</strong></span> <span class='ocrx_word' id='word_1_111' title='bbox 871 1913 878 1918; x_wconf 89' lang='lat'><em>·</em></span> 
     </span>
    </p>

    <p class='ocr_par' dir='ltr' id='par_1_12' title="bbox 168 1973 940 2138">
     <span class='ocr_line' id='line_1_20' title="bbox 168 1973 940 2054; baseline -0.006 -16"><span class='ocrx_word' id='word_1_112' title='bbox 168 1978 284 2038; x_wconf 85' lang='lat' dir='ltr'><strong>Lancea</strong></span> <span class='ocrx_word' id='word_1_113' title='bbox 306 1993 362 2054; x_wconf 90' lang='lat' dir='ltr'><strong>per</strong></span> <span class='ocrx_word' id='word_1_114' title='bbox 385 1993 493 2054; x_wconf 88' lang='lat' dir='ltr'><strong>corpus</strong></span> <span class='ocrx_word' id='word_1_115' title='bbox 515 1973 661 2053; x_wconf 85' lang='lat' dir='ltr'><strong>sponsalia</strong></span> <span class='ocrx_word' id='word_1_116' title='bbox 684 1993 770 2036; x_wconf 88' lang='lat' dir='ltr'><strong>saeva</strong></span> <span class='ocrx_word' id='word_1_117' title='bbox 793 1977 940 2053; x_wconf 91' lang='lat' dir='ltr'><strong>propinat,</strong></span> 
     </span>
     <span class='ocr_line' id='line_1_21' title="bbox 212 2058 934 2138; baseline -0.007 -16"><span class='ocrx_word' id='word_1_118' title='bbox 212 2061 361 2122; x_wconf 82' lang='lat' dir='ltr'><strong>Cerberus</strong></span> <span class='ocrx_word' id='word_1_119' title='bbox 383 2059 433 2120; x_wconf 91' lang='lat' dir='ltr'><strong>bic</strong></span> <span class='ocrx_word' id='word_1_120' title='bbox 455 2061 530 2120; x_wconf 89' lang='lat' dir='ltr'><strong>lesta</strong></span> <span class='ocrx_word' id='word_1_121' title='bbox 553 2077 613 2119; x_wconf 91' lang='lat' dir='ltr'><strong>non</strong></span> <span class='ocrx_word' id='word_1_122' title='bbox 635 2058 824 2138; x_wconf 84' lang='lat' dir='ltr'><strong>Hymenaeus</strong></span> <span class='ocrx_word' id='word_1_123' title='bbox 848 2068 934 2119; x_wconf 88' lang='lat' dir='ltr'><strong>amat.</strong></span> 
     </span>
    </p>

    <p class='ocr_par' dir='ltr' id='par_1_13' title="bbox 170 2143 983 2290">
     <span class='ocr_line' id='line_1_22' title="bbox 170 2143 983 2226; baseline -0.005 -20"><span class='ocrx_word' id='word_1_124' title='bbox 170 2145 320 2226; x_wconf 91' lang='lat' dir='ltr'><strong>Sperarat,</strong></span> <span class='ocrx_word' id='word_1_125' title='bbox 344 2143 447 2205; x_wconf 85' lang='lat' dir='ltr'><strong>melios</strong></span> <span class='ocrx_word' id='word_1_126' title='bbox 470 2143 547 2223; x_wconf 93' lang='lat' dir='ltr'><strong>quod</strong></span> <span class='ocrx_word' id='word_1_127' title='bbox 571 2143 694 2222; x_wconf 89' lang='lat' dir='ltr'><strong>pulchra</strong></span> <span class='ocrx_word' id='word_1_128' title='bbox 717 2144 865 2224; x_wconf 82' lang='lat' dir='ltr'><strong>Polyxena</strong></span> <span class='ocrx_word' id='word_1_129' title='bbox 887 2143 983 2203; x_wconf 90' lang='lat' dir='ltr'><strong>taedis</strong></span> 
     </span>
     <span class='ocr_line' id='line_1_23' title="bbox 211 2227 751 2290; baseline 0 0"><span class='ocrx_word' id='word_1_130' title='bbox 211 2228 296 2290; x_wconf 89' lang='lat' dir='ltr'><strong>lllnm</strong></span> <span class='ocrx_word' id='word_1_131' title='bbox 319 2228 458 2290; x_wconf 76' lang='lat' dir='ltr'><strong>debuerit</strong></span> <span class='ocrx_word' id='word_1_132' title='bbox 479 2227 658 2288; x_wconf 83' lang='lat' dir='ltr'><strong>exhilarasse</strong></span> <span class='ocrx_word' id='word_1_133' title='bbox 681 2231 751 2290; x_wconf 90' lang='lat' dir='ltr'><strong>suis.</strong></span> 
     </span>
    </p>

    <p class='ocr_par' dir='ltr' id='par_1_14' title="bbox 171 2311 911 2460">
     <span class='ocr_line' id='line_1_24' title="bbox 171 2311 911 2393; baseline -0.003 -19"><span class='ocrx_word' id='word_1_134' title='bbox 171 2315 222 2374; x_wconf 89' lang='lat' dir='ltr'><strong>Vir</strong></span> <span class='ocrx_word' id='word_1_135' title='bbox 245 2332 299 2393; x_wconf 90' lang='lat' dir='ltr'><strong>pro</strong></span> <span class='ocrx_word' id='word_1_136' title='bbox 322 2314 465 2390; x_wconf 83' lang='lat' dir='ltr'><strong>virgineis</strong></span> <span class='ocrx_word' id='word_1_137' title='bbox 489 2311 551 2372; x_wconf 92' lang='lat' dir='ltr'><strong>lera</strong></span> <span class='ocrx_word' id='word_1_138' title='bbox 574 2313 664 2373; x_wconf 90' lang='lat' dir='ltr'><strong>sentit</strong></span> <span class='ocrx_word' id='word_1_139' title='bbox 686 2312 760 2375; x_wconf 91' lang='lat' dir='ltr'><strong>bella</strong></span> <span class='ocrx_word' id='word_1_140' title='bbox 784 2314 911 2383; x_wconf 89' lang='lat' dir='ltr'><strong>lacertis,</strong></span> 
     </span>
     <span class='ocr_line' id='line_1_25' title="bbox 213 2397 810 2460; baseline 0.002 -1"><span class='ocrx_word' id='word_1_141' title='bbox 213 2399 272 2459; x_wconf 92' lang='lat' dir='ltr'><strong>Pro</strong></span> <span class='ocrx_word' id='word_1_142' title='bbox 294 2397 378 2459; x_wconf 91' lang='lat' dir='ltr'><strong>molli</strong></span> <span class='ocrx_word' id='word_1_143' title='bbox 396 2415 467 2457; x_wconf 85' lang='lat' dir='ltr'><strong>vero</strong></span> <span class='ocrx_word' id='word_1_144' title='bbox 490 2397 611 2458; x_wconf 86' lang='lat' dir='ltr'><strong>vulnera</strong></span> <span class='ocrx_word' id='word_1_145' title='bbox 636 2397 710 2458; x_wconf 90' lang='lat' dir='ltr'><strong>dura</strong></span> <span class='ocrx_word' id='word_1_146' title='bbox 733 2407 810 2460; x_wconf 92' lang='lat' dir='ltr'><strong>toro.</strong></span> 
     </span>
    </p>

    <p class='ocr_par' dir='ltr' id='par_1_15' title="bbox 170 2481 948 2643">
     <span class='ocr_line' id='line_1_26' title="bbox 170 2481 948 2553; baseline -0.003 -11"><span class='ocrx_word' id='word_1_147' title='bbox 170 2481 247 2553; x_wconf 85' lang='lat' dir='ltr'><strong>Quid</strong></span> <span class='ocrx_word' id='word_1_148' title='bbox 270 2485 358 2543; x_wconf 88' lang='lat' dir='ltr'><strong>laciet</strong></span> <span class='ocrx_word' id='word_1_149' title='bbox 380 2483 455 2543; x_wconf 76' lang='lat' dir='ltr'><strong>tiro?</strong></span> <span class='ocrx_word' id='word_1_150' title='bbox 478 2490 561 2543; x_wconf 91' lang='lat' dir='ltr'><strong>caret</strong></span> <span class='ocrx_word' id='word_1_151' title='bbox 583 2482 683 2542; x_wconf 86' lang='lat' dir='ltr'><strong>inclita</strong></span> <span class='ocrx_word' id='word_1_152' title='bbox 706 2483 827 2544; x_wconf 83' lang='lat' dir='ltr'><strong>dextera</strong></span> <span class='ocrx_word' id='word_1_153' title='bbox 850 2491 948 2552; x_wconf 90' lang='lat' dir='ltr'><strong>conto,</strong></span> 
     </span>
     <span class='ocr_line' id='line_1_27' title="bbox 214 2567 863 2643; baseline 0.002 -15"><span class='ocrx_word' id='word_1_154' title='bbox 214 2567 278 2628; x_wconf 89' lang='lat' dir='ltr'><strong>Non</strong></span> <span class='ocrx_word' id='word_1_155' title='bbox 300 2567 357 2628; x_wconf 87' lang='lat' dir='ltr'><strong>luit</strong></span> <span class='ocrx_word' id='word_1_156' title='bbox 379 2574 480 2627; x_wconf 88' lang='lat' dir='ltr'><strong>aurata</strong></span> <span class='ocrx_word' id='word_1_157' title='bbox 504 2567 618 2626; x_wconf 87' lang='lat' dir='ltr'><strong>casside</strong></span> <span class='ocrx_word' id='word_1_158' title='bbox 640 2584 741 2643; x_wconf 91' lang='lat' dir='ltr'><strong>pressa</strong></span> <span class='ocrx_word' id='word_1_159' title='bbox 765 2586 863 2637; x_wconf 81' lang='lat' dir='ltr'><strong>coma:</strong></span> 
     </span>
    </p>

    <p class='ocr_par' dir='ltr' id='par_1_16' title="bbox 168 2649 919 2808">
     <span class='ocr_line' id='line_1_28' title="bbox 168 2649 919 2729; baseline -0.004 -16"><span class='ocrx_word' id='word_1_160' title='bbox 168 2651 236 2714; x_wconf 88' lang='lat' dir='ltr'><strong>Non</strong></span> <span class='ocrx_word' id='word_1_161' title='bbox 258 2659 363 2729; x_wconf 90' lang='lat' dir='ltr'><strong>pectus</strong></span> <span class='ocrx_word' id='word_1_162' title='bbox 385 2649 477 2711; x_wconf 94' lang='lat' dir='ltr'><strong>lorica</strong></span> <span class='ocrx_word' id='word_1_163' title='bbox 501 2652 582 2728; x_wconf 83' lang='lat' dir='ltr'><strong>tegit,</strong></span> <span class='ocrx_word' id='word_1_164' title='bbox 606 2669 665 2712; x_wconf 91' lang='lat' dir='ltr'><strong>uon</strong></span> <span class='ocrx_word' id='word_1_165' title='bbox 688 2670 775 2712; x_wconf 89' lang='lat' dir='ltr'><strong>crura</strong></span> <span class='ocrx_word' id='word_1_166' title='bbox 797 2660 919 2714; x_wconf 88' lang='lat' dir='ltr'><strong>tuentur</strong></span> 
     </span>
     <span class='ocr_line' id='line_1_29' title="bbox 213 2729 858 2808; baseline 0 -12"><span class='ocrx_word' id='word_1_167' title='bbox 213 2735 317 2802; x_wconf 85' lang='lat' dir='ltr'><strong>Ocrea,</strong></span> <span class='ocrx_word' id='word_1_168' title='bbox 341 2753 402 2796; x_wconf 93' lang='lat' dir='ltr'><strong>non</strong></span> <span class='ocrx_word' id='word_1_169' title='bbox 424 2737 498 2796; x_wconf 88' lang='lat' dir='ltr'><strong>ferri</strong></span> <span class='ocrx_word' id='word_1_170' title='bbox 520 2729 628 2795; x_wconf 83' lang='lat' dir='ltr'><strong>lamina</strong></span> <span class='ocrx_word' id='word_1_171' title='bbox 652 2736 741 2797; x_wconf 92' lang='lat' dir='ltr'><strong>densa</strong></span> <span class='ocrx_word' id='word_1_172' title='bbox 763 2736 858 2808; x_wconf 88' lang='lat' dir='ltr'><strong>latus;</strong></span> 
     </span>
    </p>

    <p class='ocr_par' dir='ltr' id='par_1_17' title="bbox 171 2818 1136 2988">
     <span class='ocr_line' id='line_1_30' title="bbox 171 2818 897 2900; baseline 0 -19"><span class='ocrx_word' id='word_1_173' title='bbox 171 2820 233 2881; x_wconf 90' lang='lat' dir='ltr'><strong>Nec</strong></span> <span class='ocrx_word' id='word_1_174' title='bbox 255 2819 369 2900; x_wconf 88' lang='lat' dir='ltr'><strong>clipeus</strong></span> <span class='ocrx_word' id='word_1_175' title='bbox 392 2818 467 2880; x_wconf 83' lang='lat' dir='ltr'><strong>vasti</strong></span> <span class='ocrx_word' id='word_1_176' title='bbox 490 2819 618 2881; x_wconf 90' lang='lat' dir='ltr'><strong>caelatus</strong></span> <span class='ocrx_word' id='word_1_177' title='bbox 642 2823 769 2898; x_wconf 87' lang='lat' dir='ltr'><strong>imagine</strong></span> <span class='ocrx_word' id='word_1_178' title='bbox 793 2822 897 2882; x_wconf 89' lang='lat' dir='ltr'><strong>mundi</strong></span> 
     </span>
     <span class='ocr_line' id='line_1_31' title="bbox 212 2903 1136 2988; baseline -0.002 -24"><span class='ocrx_word' id='word_1_179' title='bbox 212 2909 236 2964; x_wconf 84' lang='lat' dir='ltr'><strong>A</strong></span> <span class='ocrx_word' id='word_1_180' title='bbox 259 2903 334 2964; x_wconf 92' lang='lat' dir='ltr'><strong>collo</strong></span> <span class='ocrx_word' id='word_1_181' title='bbox 357 2903 475 2983; x_wconf 87' lang='lat' dir='ltr'><strong>pendet,</strong></span> <span class='ocrx_word' id='word_1_182' title='bbox 500 2905 598 2965; x_wconf 90' lang='lat' dir='ltr'><strong>nudus</strong></span> <span class='ocrx_word' id='word_1_183' title='bbox 621 2913 747 2988; x_wconf 88' lang='lat' dir='ltr'><strong>uterque</strong></span> <span class='ocrx_word' id='word_1_184' title='bbox 770 2915 859 2986; x_wconf 88' lang='lat' dir='ltr'><strong>patet.</strong></span> <span class='ocrx_word' id='word_1_185' title='bbox 1086 2913 1136 2962; x_wconf 81' lang='lat'><strong>490</strong></span> 
     </span>
    </p>

    <p class='ocr_par' dir='ltr' id='par_1_18' title="bbox 170 2987 1111 3070">
     <span class='ocr_line' id='line_1_32' title="bbox 170 2987 1111 3070; baseline 0.002 -22"><span class='ocrx_word' id='word_1_186' title='bbox 170 2988 229 3049; x_wconf 90' lang='lat' dir='ltr'><strong>Pro</strong></span> <span class='ocrx_word' id='word_1_187' title='bbox 252 3005 354 3066; x_wconf 91' lang='lat' dir='ltr'><strong>parma</strong></span> <span class='ocrx_word' id='word_1_188' title='bbox 377 2987 503 3069; x_wconf 82' lang='lat' dir='ltr'><strong>replicat</strong></span> <span class='ocrx_word' id='word_1_189' title='bbox 525 2987 719 3070; x_wconf 79' lang='lat' dir='ltr'><strong>chlamydem,</strong></span> <span class='ocrx_word' id='word_1_190' title='bbox 743 3009 847 3054; x_wconf 89' lang='lat' dir='ltr'><strong>manus</strong></span> <span class='ocrx_word' id='word_1_191' title='bbox 869 2991 975 3069; x_wconf 89' lang='lat' dir='ltr'><strong>arripit</strong></span> <span class='ocrx_word' id='word_1_192' title='bbox 997 3007 1111 3065; x_wconf 89' lang='lat' dir='ltr'><strong>ensem,</strong></span> 
     </span>
    </p>
   </div>
   <div class='ocr_carea' id='block_1_6' title="bbox 170 3223 1137 3546">
    <p class='ocr_par' dir='ltr' id='par_1_19' title="bbox 170 3223 1137 3546">
     <span class='ocr_line' id='line_1_33' title="bbox 238 3223 784 3292; baseline 0.004 -18"><span class='ocrx_word' id='word_1_193' title='bbox 238 3224 299 3274; x_wconf 87' lang='grc'>463.</span> <span class='ocrx_word' id='word_1_194' title='bbox 316 3223 438 3274; x_wconf 82' lang='lat' dir='ltr'><strong>imitatio</strong></span> <span class='ocrx_word' id='word_1_195' title='bbox 456 3225 568 3291; x_wconf 87' lang='lat' dir='ltr'><strong>Virgilii</strong></span> <span class='ocrx_word' id='word_1_196' title='bbox 586 3227 653 3277; x_wconf 85' lang='lat' dir='ltr'><strong>Aen.</strong></span> <span class='ocrx_word' id='word_1_197' title='bbox 671 3227 707 3292; x_wconf 88' lang='lat' dir='ltr'><strong>ll,</strong></span> <span class='ocrx_word' id='word_1_198' title='bbox 727 3228 784 3278; x_wconf 77' lang='lat'><strong>268:</strong></span> 
     </span>
     <span class='ocr_line' id='line_1_34' title="bbox 273 3289 1104 3408; baseline 0.002 -66"><span class='ocrx_word' id='word_1_199' title='bbox 273 3289 391 3408; x_wconf 58' lang='lat' dir='ltr'><strong>ITppppips</strong></span> <span class='ocrx_word' id='word_1_200' title='bbox 410 3297 480 3357; x_wconf 85' lang='lat' dir='ltr'><strong>erat,</strong></span> <span class='ocrx_word' id='word_1_201' title='bbox 500 3309 552 3358; x_wconf 83' lang='lat' dir='ltr'><strong>quo</strong></span> <span class='ocrx_word' id='word_1_202' title='bbox 571 3295 658 3359; x_wconf 84' lang='lat' dir='ltr'><strong>prime</strong></span> <span class='ocrx_word' id='word_1_203' title='bbox 677 3297 754 3360; x_wconf 86' lang='lat' dir='ltr'><strong>quies</strong></span> <span class='ocrx_word' id='word_1_204' title='bbox 773 3293 936 3346; x_wconf 83' lang='lat' dir='ltr'><strong>mortalibus</strong></span> <span class='ocrx_word' id='word_1_205' title='bbox 954 3294 1046 3360; x_wconf 84' lang='lat' dir='ltr'><strong>aegris</strong></span> <span class='ocrx_word' id='word_1_206' title='bbox 1101 3303 1104 3307; x_wconf 83' lang='lat'>&#39;</span> 
     </span>
     <span class='ocr_line' id='line_1_35' title="bbox 170 3375 1137 3542; baseline 0 -66"><span class='ocrx_word' id='word_1_207' title='bbox 170 3375 522 3542; x_wconf 48' lang='lat' dir='ltr'><strong>lllllpuovidiipestMetam.</strong></span> <span class='ocrx_word' id='word_1_208' title='bbox 542 3429 589 3494; x_wconf 86' lang='lat' dir='ltr'><strong>VI,</strong></span> <span class='ocrx_word' id='word_1_209' title='bbox 608 3430 666 3480; x_wconf 60' lang='lat'><strong>42¹2.</strong></span> <span class='ocrx_word' id='word_1_210' title='bbox 687 3431 727 3482; x_wconf 79' lang='lat'><strong>73.</strong></span> <span class='ocrx_word' id='word_1_211' title='bbox 795 3430 853 3480; x_wconf 81' lang='lat'>481.</span> <span class='ocrx_word' id='word_1_212' title='bbox 871 3429 970 3480; x_wconf 86' lang='lat' dir='ltr'><strong>melius</strong></span> <span class='ocrx_word' id='word_1_213' title='bbox 988 3444 1036 3494; x_wconf 90' lang='lat' dir='ltr'><strong>pro</strong></span> <span class='ocrx_word' id='word_1_214' title='bbox 1050 3427 1137 3478; x_wconf 84' lang='lat' dir='ltr'><strong>codic.</strong></span> 
     </span>
     <span class='ocr_line' id='line_1_36' title="bbox 199 3509 279 3546; baseline 0.038 -3"><span class='ocrx_word' id='word_1_215' title='bbox 199 3509 235 3543; x_wconf 79' lang='lat' dir='ltr'><strong>or</strong></span> <span class='ocrx_word' id='word_1_216' title='bbox 258 3509 279 3546; x_wconf 81' lang='lat' dir='ltr'><strong>e.</strong></span> 
     </span>
    </p>
   </div>
   <div class='ocr_carea' id='block_1_7' title="bbox 0 0 1320 3984">
    <p class='ocr_par' dir='ltr' id='par_1_20' title="bbox 0 0 1320 3984">
     <span class='ocr_line' id='line_1_37' title="bbox 0 0 1320 3984; baseline 0 0"><span class='ocrx_word' id='word_1_217' title='bbox 0 0 1320 3984; x_wconf 95' lang='lat' dir='ltr'><strong> </strong></span> 
     </span>
    </p>
   </div>
  </div>
 </body>
</html>
