2616 4000
226 242 288 305 144
330 320 332 326 Α
537 243 599 298 iao,
618 245 652 295 ν.
681 260 708 296 v.
728 245 872 294 eae-eoa.

435 390 618 462 [PYRRHUS
636 391 765 446 IRRUIT
782 393 823 446 IN
840 390 978 460 Tirone]

224 497 359 577 Pyrrhus
381 495 568 572 Achilleidos,
591 495 743 558 animosus
764 499 891 575 imagine
913 498 1016 576 patris,

269 582 323 642 ilis
346 580 427 642 dolet
447 580 593 660 Argolicis
616 579 800 660 subjacuisse
823 581 950 661 probris.
1144 585 1197 642 370

226 667 357 746 impiger
380 683 460 726 arma
483 669 572 745 rapit,
597 665 710 726 medios
732 669 868 727 ruiturus
890 669 921 727 in
945 665 1046 726 hostes

268 749 381 811 invadit
402 751 544 820 Teucros,
567 768 638 811 ense
660 749 782 826 bipartit
804 770 865 810 eos.

221 837 276 896 Sic
297 837 379 896 ierus
401 836 541 914 accipiter
563 843 680 912 ungues
702 843 858 914 exasperat
879 851 982 905 uncos,

269 920 366 991 Quum
391 918 595 979 columbarum
618 921 728 996 cogitat
751 937 815 980 esse
838 935 968 998 gregem.

225 1005 283 1068 Hic
306 1003 391 1072 volat,
415 1002 463 1064 hic
485 1001 607 1073 revolat,
630 1005 708 1079 rapit
729 1004 817 1079 hanc,
841 1006 987 1065 eviscerat
1008 1003 1087 1064 illam
1144 1014 1195 1062 375

267 1089 305 1148 Et
325 1085 435 1165 plumis
456 1089 548 1148 mixto
570 1089 713 1165 sanguine
735 1089 831 1167 pingit
852 1090 985 1166 humum.

226 1171 311 1233 Haud
335 1189 420 1232 secus
441 1175 472 1231 in
496 1171 662 1251 Phrygibus
683 1171 789 1252 Pyrrhi
812 1191 844 1232 sc
867 1172 989 1234 dextera
1013 1173 1107 1250 lingit.

271 1258 344 1318 llum
368 1273 441 1316 nece
464 1255 620 1334 multiplici
644 1256 882 1334 sauguinolentat
904 1274 1003 1334 agros,

225 1340 334 1404 Eduoit
356 1339 471 1400 ilanaos
493 1341 693 1418 Agamemnon
717 1349 746 1400 et
769 1343 889 1402 instruit
912 1358 1024 1410 omnes,

268 1425 399 1503 Imperat
420 1431 453 1483 ut
474 1426 608 1492 veniant;
632 1426 664 1486 lit
686 1424 796 1501 lragor,
820 1443 902 1486 arma
925 1434 1042 1488 sonant.
1143 1433 1195 1484 380

224 1506 355 1570 Tollitur
378 1507 414 1566 ad
438 1507 552 1568 coelum
575 1507 696 1578 clamor,
721 1527 776 1570 nox
799 1509 895 1570 sidera
920 1509 1026 1588 pulsat,

270 1593 313 1654 ho
337 1591 433 1652 nubes
456 1591 564 1654 nebula
588 1592 792 1672 pulverulenta
817 1592 907 1662 volat;

224 1676 376 1753 Clangunt
398 1683 427 1736 et
448 1675 523 1746 litui,
548 1676 729 1752 clamoribus
753 1678 827 1738 eelro
851 1679 1006 1746 reclamat;

211 1789 212 1792 ¹
271 1763 332 1828 Est,
357 1757 445 1820 veluti
468 1769 547 1822 totus
568 1762 698 1822 mundus
720 1765 751 1823 in
775 1780 855 1822 arma
879 1769 954 1831 ruat,

229 1847 290 1910 Est.
313 1847 397 1925 quasi
419 1853 575 1924 rumpatur
597 1845 694 1916 tellus,
718 1847 854 1906 hinnitus
877 1865 1035 1928 equorum;
1145 1855 1193 1925 555

272 1928 392 2009 Spicula
415 1929 484 1990 dum
508 1931 640 1999 volitant,
664 1939 718 1998 est,
742 1933 825 2010 quasi
848 1931 920 1992 silva
943 1931 1038 1992 cadat.

228 2015 270 2075 Er
295 2016 386 2074 armis
408 2013 535 2075 scintilla
557 2017 658 2084 micat,
682 2015 761 2076 velut
782 2017 850 2092 igne
872 2033 1014 2083 corusco;

205 2097 209 2103 '
270 2098 426 2159 Horrendo
449 2101 583 2175 quatitur
604 2101 684 2160 auris
707 2107 735 2158 et
757 2116 828 2159 aura
852 2117 934 2160 sono.

210 2183 294 2244 ·Non
317 2183 507 2259 ferrugineus
529 2183 581 2243 sed
603 2184 721 2243 lerneus
742 2186 858 2260 ingruit
880 2183 976 2244 imber

273 2265 414 2327 Telorum
439 2265 528 2327 multa
552 2266 631 2327 nube
654 2266 782 2345 tegendo
804 2267 917 2346 polum.
1143 2277 1192 2326 390

227 2351 428 2419 Conctrrrunt,
454 2353 484 2411 in
507 2353 565 2410 lala
588 2359 691 2427 ruunt,
713 2351 918 2428 glomerantur
939 2353 969 2412 in
993 2369 1096 2430 unum,

272 2435 332 2496 Neo
355 2435 475 2514 requies
497 2435 597 2515 aliquo
619 2439 677 2495 scit
699 2434 813 2496 latitare
836 2436 911 2496 loco.

229 2519 284 2580 Hic
306 2517 414 2587 rabies,
437 2537 567 2588 moeror,
590 2519 733 2586 fremitus,
759 2518 906 2591 violentia,
930 2520 1013 2588 livor,

272 2604 331 2672 Lis,
355 2604 466 2670 odium,
490 2604 598 2671 fervor,
622 2606 759 2682 impetus,
784 2607 840 2674 ira,
863 2606 959 2665 furor.
1059 2634 1088 2672 ,·

195 2683 197 2687 ’
231 2689 304 2748 Pars
320 2688 434 2762 gladios
449 2690 602 2764 stringunt
616 2688 763 2756 manibus,
780 2705 850 2767 pars
865 2689 977 2768 spicula
994 2690 1125 2756 mittunt,
1142 2697 1192 2746 395

274 2772 305 2832 in
329 2774 441 2832 lerrum
465 2771 561 2841 turba,
585 2774 624 2832 sit
645 2773 729 2850 quasi
753 2791 849 2840 craece,
873 2782 975 2834 ruunt.

228 2857 383 2916 lnlrenant
404 2857 454 2915 isti
476 2875 592 2927 currus,
615 2875 684 2935 pars
705 2855 797 2917 altera
821 2855 896 2918 saltu

272 2940 428 3020 Praecipiti
451 2941 554 3000 validis
576 2939 751 3019 injiciuntur
774 2943 867 3018 equis

229 3023 378 3085 insultans
401 3027 605 3101 sonipestoto
627 3022 730 3085 lremit
752 3043 880 3104 aequore
903 3025 1022 3098 frenum

298 3261 355 3314 373.
374 3275 479 3326 margo:
502 3260 731 3324 comparationem
751 3261 825 3310 facit.
895 3263 952 3312 374.
971 3277 1081 3327 margo:
1107 3278 1199 3313 come·

229 3325 301 3377 dere.
371 3329 431 3379 384.
449 3326 501 3380 Ov.
520 3329 597 3378 Fast.
613 3327 661 3388 VI,
679 3329 729 3377 598

332 3421 365 3430 -
384 3396 533 3445 attonitum
552 3393 652 3460 vulgus
672 3395 705 3444 ad
725 3411 800 3445 erma
818 3395 883 3446 ruit.

231 3463 290 3514 396.
316 3462 434 3528 inpferr,
461 3469 552 3512 ruunt.
583 3463 658 3527 Virg.
679 3459 775 3528 Georg.
799 3463 834 3522 11,
854 3467 911 3514 503.
1028 3464 1086 3518 399,
1117 3463 1200 3530 glosa

231 3530 376 3596 marginis:
396 3529 512 3592 planitie
532 3530 629 3594 campi.
