2618 3984
440 227 502 278 urb.
520 229 567 280 tv.
594 244 620 278 v.
638 231 783 280 aaa-855.
1033 226 1093 291 129
1201 287 1206 296 .

127 380 246 441 Cedunt
268 390 297 441 et
317 379 457 458 juvenum
481 397 539 441 non
563 397 656 457 pauca
680 381 846 459 frequentia
868 397 980 448 secum,

171 464 320 528 Mentibus
343 473 372 524 et
394 463 537 526 membris
559 462 609 543 q'ui
631 467 754 542 riguere
776 467 854 526 satis.

127 549 336 630 Cappadocum
359 559 464 627 gentes
486 549 597 610 adeunt
620 557 648 608 ot
671 551 786 609 moenia
808 549 904 617 Ponti,

175 633 296 696 Insidiis
318 634 408 694 cincti
431 633 483 694 sed
506 635 697 712 perimuntur
719 633 771 694 ibt

130 722 219 781 Venit
240 718 276 778 cd
300 735 409 779 uxores
431 718 550 778 illorum
574 717 611 776 do
634 735 706 778 nece
729 735 840 786 rumor,
1044 726 1093 775 885

171 804 208 864 Et
230 805 379 863 succrevit
401 804 443 862 eis
467 819 534 862 curn
557 802 676 863 lenitate
699 804 792 866 luror.

126 889 295 951 Vindictam
319 888 450 965 propriis
471 887 629 948 intendunt
651 888 776 948 tendere
797 887 912 947 dextris

174 973 213 1033 Et
234 989 294 1031 non
317 973 429 1048 ignavis
452 971 602 1032 mentibus
625 989 706 1032 arma
729 974 820 1032 cient.

129 1056 224 1134 liujus
245 1057 392 1135 propositi
415 1058 454 1116 sit
476 1063 516 1116 ut*
531 1055 669 1117 carnibus
693 1074 750 1116 una
774 1056 919 1123 voluntas,

171 1142 350 1202 interimunt
372 1158 485 1209 omnes,
508 1158 583 1220 quos
605 1139 748 1210 habuere,
773 1142 861 1200 viros.
1044 1148 1095 1197 830

128 1223 270 1296 Exiliuat,
295 1232 325 1284 et
346 1223 384 1284 ab
406 1223 453 1286 iris
475 1225 573 1285 Asiam
595 1225 628 1286 sit
649 1242 747 1304 pugna
771 1241 825 1304 per
848 1241 975 1292 omnem,

174 1309 323 1388 Incipiunt
345 1307 415 1370 belii
438 1311 637 1389 prosperitate
659 1309 728 1370 lrui.

128 1395 166 1456 Et
188 1392 388 1454 comitabatur
411 1395 531 1454 victoria
554 1411 674 1473 semper
695 1392 813 1453 easdem

174 1479 331 1558 Oppositus
354 1487 481 1545 terrens,
505 1486 620 1556 promta
644 1477 787 1557 trophaea
809 1479 921 1538 terens.

129 1561 286 1634 Quaelibet
307 1561 425 1622 illarum
446 1560 506 1639 jam
530 1580 602 1642 pace
624 1580 679 1639 per
702 1563 783 1623 arr'na
807 1578 926 1622 reversa
1043 1569 1093 1618 835

172 1647 318 1726 Disponit,
341 1647 455 1706 luerint
478 1664 553 1725 quae
577 1645 710 1707 iacienda
735 1646 823 1706 domi.

130 1731 162 1792 Si
185 1747 274 1810 quam
298 1729 433 1797 delectat,
457 1732 548 1792 immo
571 1730 698 1793 delectat
721 1729 855 1792 habenda

172 1815 306 1876 Gaudeat
328 1821 361 1875 ut
382 1814 477 1894 prole,
500 1823 596 1875 mater
619 1822 648 1876 et
671 1833 735 1876 esse
758 1813 837 1882 velit,

131 1899 279 1960 illustrem
302 1905 387 1960 vocat
409 1898 460 1960 illa
482 1902 594 1972 virum3
618 1901 662 1960 vir
684 1908 800 1961 ametur
822 1906 855 1960 ut
877 1897 995 1976 hospes,

173 1983 255 2054 Quae
277 2001 368 2063 quum
393 2002 425 2044 se
447 1984 598 2062 gravidam
621 1986 760 2053 senserit,
783 1982 834 2044 ilie
857 1981 943 2042 redit.
1046 1990 1096 2039 840
1167 1995 1174 2002 ·

133 2069 206 2129 Filia
230 2066 374 2145 diligitur,
397 2070 528 2129 nutritur
550 2068 586 2128 ad
610 2086 701 2139 arma,
725 2067 865 2134 docetur;

172 2150 266 2212 Filius
287 2155 317 2212 in
340 2154 449 2231 stygias
472 2153 684 2233 praecipitatur
706 2169 807 2231 aurias
903 2219 905 2225 s

135 2237 292 2297 Cremento
315 2243 414 2296 careat
436 2245 468 2298 ut
490 2237 595 2298 dextra
618 2236 756 2306 mamilia,
780 2243 938 2304 crematur,

174 2322 211 2381 tr
233 2328 324 2390 caret,
347 2328 381 2381 ut
403 2321 489 2383 bellis
511 2329 627 2402 promta
650 2323 689 2383 sit
710 2320 757 2383 ilia
782 2339 896 2382 manus.

131 2404 244 2465 Nomen
269 2405 397 2465 Amazon
421 2406 523 2475 habes,
548 2408 632 2485 quasi
656 2407 737 2466 dicas
760 2405 874 2485 absque
889 2403 1030 2475 mamilla,
1047 2414 1096 2464 845
1152 2415 1154 2419 ·

174 2489 197 2548 Α
220 2490 283 2550 sine
306 2497 484 2570 praesentat,
509 2509 696 2570 mammaque
718 2508 822 2551 mazon
845 2491 913 2550 erit.

131 2574 268 2650 Regnum
290 2575 411 2652 reginae
433 2575 581 2655 quondam
604 2592 711 2636 rexere
734 2573 852 2644 duales;

172 2657 210 2717 Et
231 2675 324 2736 reguo
347 2659 444 2720 iuerat
466 2661 580 2720 inditus
601 2661 659 2720 iste
682 2667 791 2720 status:

130 2743 196 2804 Uua
219 2740 299 2802 domi
321 2743 435 2821 patriae
458 2751 556 2805 custos
577 2745 643 2814 luit,
667 2742 758 2805 altera
781 2761 853 2803 vero

173 2827 232 2886 Pro
253 2829 338 2904 regni
360 2829 463 2904 spatiis
487 2828 588 2889 extulit
610 2846 691 2888 arma
714 2829 802 2890 ionas.
1046 2836 1096 2885 850

132 2911 195 2972 Una
219 2911 339 2989 quidem
363 2915 458 2972 tenuit
480 2913 635 2991 Marsepia,
659 2911 802 2992 Lampeto
825 2928 934 2972 nomen

175 2993 291 3065 Altera3
314 2995 459 3073 regnabat
479 2995 552 3057 baec
577 2997 657 3064 ioris,
681 2996 731 3057 ilia
754 2996 843 3056 donai.

130 3077 192 3139 llas
214 3080 294 3139 inter
315 3081 431 3140 virtutis
454 3098 526 3159 opes
547 3081 690 3160 biarsepia
715 3089 840 3142 mortem

174 3161 281 3223 Hostili
303 3163 403 3242 gladio
426 3165 531 3226 fraude
554 3166 679 3227 subacta
700 3163 774 3230 tulit.

130 3246 204 3306 Filia
228 3251 277 3308 cui
300 3248 411 3328 Sinope
434 3252 596 3311 succressit
618 3251 767 3328 dignaque
791 3248 879 3310 laude
1048 3255 1097 3304 855

202 3448 260 3498 847.
285 3449 353 3499 cod.
376 3451 478 3514 reginis
497 3449 612 3503 duabus.
717 3452 775 3502 851.
793 3452 834 3501 53.
864 3449 944 3514 Apud
970 3449 1102 3500 orosium

128 3529 232 3568 nomen
249 3516 391 3582 Marpesia
409 3524 499 3568 sonat.

183 3603 277 3647 Troilus.
880 3603 895 3653 9
