2616 3980
455 211 517 262 ess.
536 211 558 262 1.
593 226 621 264 a.
640 175 784 288 esr7eee.

333 391 509 447 ANTENOR
526 391 638 446 REDIT
653 392 707 446 AD
726 391 878 447 TROIAM.

125 504 259 565 Antenor
282 500 347 560 sine
370 498 455 575 leuge
478 497 581 558 videns
605 515 636 558 se
659 500 772 560 semina
796 499 887 569 lerre,

169 586 261 652 Ocius
283 583 319 646 ad
342 583 486 664 Phrygios
509 583 574 643 vela
596 582 715 644 reflexit
737 600 840 661 agros;

126 671 254 732 Enarrat
276 668 404 738 Priamo,
426 667 498 748 quid
521 667 630 728 dixerit
651 667 711 738 ille,
736 668 806 746 quid
827 665 886 738 ille,

168 753 314 834 Quodque
336 750 418 812 dedit
440 752 531 813 variis
550 753 637 812 irrita
659 752 726 814 vela
749 752 857 814 notbls.

125 839 150 901 0
173 857 236 908 rex,
260 836 379 906 adiecit,
402 835 526 914 galeatis
548 853 683 915 pungere
706 836 805 898 verbis
911 853 914 860 ’

170 921 235 983 Non
259 923 387 982 timuere
411 927 478 982 tuos
502 927 531 981 et
553 920 707 983 terebrare
730 923 827 983 minis.

127 1008 206 1080 Quid
229 1007 357 1068 recitare
380 1004 478 1076 velim,
502 1005 582 1083 quod
603 1006 634 1065 in
658 1009 739 1068 omni
760 1007 820 1068 fine
841 1005 984 1085 loquendi

168 1092 285 1153 Acriter
307 1109 323 1151 a
344 1089 461 1162 loribus
483 1107 531 1150 me
554 1089 692 1168 repulere
714 1090 785 1152 suis.

125 1175 237 1239 Ulcisci
260 1184 342 1236 certe
363 1173 475 1254 probra
499 1173 565 1236 talia
588 1175 784 1245 consulerem,
808 1177 834 1236 si
1043 1183 1094 1232 265

168 1261 273 1322 Essem
296 1258 414 1320 consilii
435 1277 506 1339 pars
528 1259 675 1338 aliquanta
698 1260 751 1320 tui.

124 1345 226 1407 Litora
249 1359 392 1424 pompose
415 1344 577 1422 tetigerunt
599 1351 710 1415 nostra,
734 1339 849 1424 potenti

169 1429 309 1490 Protinus
332 1430 495 1489 interram
517 1426 683 1507 prosiluere
705 1428 792 1508 pede.

127 1513 301 1593 lrrumpere
323 1515 404 1574 sores
426 1512 571 1573 violenter
593 1515 624 1574 in
648 1510 740 1584 urbis,
763 1513 865 1592 ibique

173 1599 212 1660 Et
233 1615 283 1659 res
305 1605 335 1658 et
356 1605 474 1658 nostras
497 1597 648 1677 diripuere
671 1598 790 1668 domos;
1045 1607 1096 1680 970

126 1682 272 1745 Occidere
294 1689 409 1762 patrem
433 1681 593 1743 crudeliter
615 1690 703 1760 atque
726 1701 871 1754 sororem,

169 1768 313 1846 Turpiter
336 1765 394 1832 buc
416 1784 512 1844 usque
535 1767 690 1829 detinuere
714 1774 805 1830 tuam.

123 1851 256 1921 Ludunt,
279 1849 464 1912 subsannant
485 1849 620 1913 imbelles
643 1858 673 1912 et
695 1854 760 1913 sine
784 1852 865 1912 lerro

169 1937 241 1997 Esse
264 1937 365 1997 lerunt
387 1953 491 1997 omnes
514 1936 747 2016 improperando
770 1935 911 2016 Phryges.

126 2019 254 2082 Graecia
276 2021 308 2081 nl
330 2021 423 2081 luerit
444 2019 588 2100 Phrygios
611 2028 733 2100 experta
755 2018 883 2082 lacertos
961 2037 972 2044 ·
1045 2029 1096 2080 276
1200 2025 1205 2036 '

146 2103 249 2174 ·Plus,
273 2122 361 2184 quam
383 2107 575 2177 senserimus,
600 2108 790 2186 experiemur
814 2123 874 2166 eos.

126 2189 209 2252 llaec
231 2205 301 2267 ego;
325 2191 350 2248 si
373 2191 441 2268 quis
464 2188 555 2250 babet
577 2188 654 2250 aliud
677 2189 731 2250 sub
755 2199 875 2267 pectore
899 2190 1044 2262 clausum,

172 2273 326 2344 Prolerat;
349 2280 383 2333 ut
404 2273 493 2352 digna
515 2290 565 2336 res
588 2293 622 2335 ea
644 2276 723 2336 forte
747 2275 842 2336 cadat.

199 2418 317 2475 Duces
335 2419 611 2477 convocemus
627 2421 766 2476 AUDIRE
784 2421 1019 2484 ANTENOREM.

125 2527 275 2590 Continuo
298 2527 435 2588 Priamus
457 2536 542 2589 vocat
564 2531 595 2589 in
619 2547 776 2590 commune
799 2527 931 2597 Quirites

169 2611 208 2672 Ut
230 2628 319 2690 super
341 2611 386 2671 his
409 2608 531 2672 verbum
554 2615 649 2692 possit
670 2612 780 2675 babere
802 2621 911 2675 ratum.
1045 2624 1096 2674 280

126 2695 238 2757 llector
261 2695 346 2756 adest
366 2696 533 2776 fratresque
556 2699 602 2758 sui
626 2697 671 2758 vel
693 2701 744 2778 qui
766 2700 900 2776 generati

168 2780 213 2841 Ex
235 2777 390 2858 illegitima
413 2786 493 2842 sorte
515 2775 601 2843 luere
622 2781 703 2844 duci

125 2863 279 2934 Anchises,
303 2864 497 2927 Anchisiades
519 2866 628 2946 aliique
650 2864 780 2928 barones

169 2941 348 3019 Adr'eniunt,
372 2947 489 3035 quibus
504 2957 551 3012 est
572 2968 666 3020 mens,
689 2951 827 3021 valitudo,
851 2949 935 3012 fides.

129 3034 228 3104 Scitis,
253 3034 292 3094 ait
314 3033 461 3105 Priamus,
483 3027 593 3115 quibus
614 3037 700 3095 istam
724 3037 848 3098 Graecia
872 3034 992 3114 probris
1043 3045 1094 3097 285

169 3117 275 3178 Alleeit
296 3117 431 3216 patriam,
456 3137 510 3179 nos
533 3119 701 3181 tribulando
724 3119 831 3200 palam.

8 3211 9 3214 ’
121 3201 203 3264 ‘llum
225 3202 355 3273 memini,
378 3205 554 3266 meminisse
574 3205 667 3284 pudet
688 3211 811 3284 paterna
835 3206 949 3285 rapina,

169 3287 221 3348 Est
243 3295 328 3366 pater
351 3269 475 3358 occisus,
500 3299 584 3369 capta
606 3288 714 3350 tenella
736 3308 832 3352 soror.

194 3453 899 3523 265.Mse.certe.269.emerg1neprovrleuter
953 3459 1094 3517 sceldes.

127 3522 322 3575 Ancbidiedes.

855 3609 891 3664 2*
