<?xml version="1.0" encoding="UTF-8"?>
<!DOCTYPE html PUBLIC "-//W3C//DTD XHTML 1.0 Transitional//EN"
    "http://www.w3.org/TR/xhtml1/DTD/xhtml1-transitional.dtd">
<html xmlns="http://www.w3.org/1999/xhtml" xml:lang="en" lang="en">
 <head>
  <title>
</title>
<meta http-equiv="Content-Type" content="text/html;charset=utf-8" />
  <meta name='ocr-system' content='tesseract 3.04.00' />
  <meta name='ocr-capabilities' content='ocr_page ocr_carea ocr_par ocr_line ocrx_word'/>
</head>
<body>
  <div class='ocr_page' id='page_1' title='image "./troilusalbertis00albegoog_0120.png"; bbox 0 0 2618 3984; ppageno 0'>
   <div class='ocr_carea' id='block_1_1' title="bbox 455 173 757 239">
    <p class='ocr_par' dir='ltr' id='par_1_1' title="bbox 455 173 757 239">
     <span class='ocr_line' id='line_1_1' title="bbox 455 173 757 239; baseline -0.007 -3"><span class='ocrx_word' id='word_1_1' title='bbox 455 185 518 236; x_wconf 79' lang='lat' dir='ltr'>mu</span> <span class='ocrx_word' id='word_1_2' title='bbox 536 186 583 239; x_wconf 89' lang='lat' dir='ltr'>1v.</span> <span class='ocrx_word' id='word_1_3' title='bbox 619 173 652 236; x_wconf 63' lang='lat' dir='ltr'>vl</span> <span class='ocrx_word' id='word_1_4' title='bbox 667 186 757 236; x_wconf 83' lang='lat'>1-18.</span> 
     </span>
    </p>
   </div>
   <div class='ocr_carea' id='block_1_2' title="bbox 121 335 1160 1010">
    <p class='ocr_par' dir='ltr' id='par_1_2' title="bbox 123 335 1067 500">
     <span class='ocr_line' id='line_1_2' title="bbox 123 335 1067 418; baseline -0.005 -18"><span class='ocrx_word' id='word_1_5' title='bbox 123 338 241 400; x_wconf 85' lang='lat' dir='ltr'>Pelides</span> <span class='ocrx_word' id='word_1_6' title='bbox 263 344 398 399; x_wconf 79' lang='lat' dir='ltr'><strong>remanet</strong></span> <span class='ocrx_word' id='word_1_7' title='bbox 420 335 598 414; x_wconf 87' lang='lat' dir='ltr'>Troilusque</span> <span class='ocrx_word' id='word_1_8' title='bbox 621 344 757 400; x_wconf 87' lang='lat' dir='ltr'>cruentat</span> <span class='ocrx_word' id='word_1_9' title='bbox 778 336 898 398; x_wconf 81' lang='lat' dir='ltr'>Atrides</span> <span class='ocrx_word' id='word_1_10' title='bbox 1065 413 1067 418; x_wconf 67' lang='lat'>,</span> 
     </span>
     <span class='ocr_line' id='line_1_3' title="bbox 123 420 981 500; baseline -0.005 -14"><span class='ocrx_word' id='word_1_11' title='bbox 123 425 197 486; x_wconf 84' lang='lat' dir='ltr'>Cum</span> <span class='ocrx_word' id='word_1_12' title='bbox 219 422 362 484; x_wconf 82' lang='lat' dir='ltr'>Diomede</span> <span class='ocrx_word' id='word_1_13' title='bbox 384 420 473 489; x_wconf 88' lang='lat' dir='ltr'>duos;</span> <span class='ocrx_word' id='word_1_14' title='bbox 497 439 555 500; x_wconf 84' lang='lat' dir='ltr'>pax</span> <span class='ocrx_word' id='word_1_15' title='bbox 576 420 731 483; x_wconf 88' lang='lat' dir='ltr'>mensibus</span> <span class='ocrx_word' id='word_1_16' title='bbox 752 424 869 499; x_wconf 83' lang='lat' dir='ltr'>integra</span> <span class='ocrx_word' id='word_1_17' title='bbox 892 421 981 482; x_wconf 89' lang='lat' dir='ltr'>senis.</span> 
     </span>
    </p>

    <p class='ocr_par' dir='ltr' id='par_1_3' title="bbox 121 500 1089 756">
     <span class='ocr_line' id='line_1_4' title="bbox 122 500 1089 589; baseline -0.008 -19"><span class='ocrx_word' id='word_1_18' title='bbox 122 510 188 571; x_wconf 88' lang='lat' dir='ltr'>Non</span> <span class='ocrx_word' id='word_1_19' title='bbox 210 507 310 589; x_wconf 84' lang='lat' dir='ltr'>prodit</span> <span class='ocrx_word' id='word_1_20' title='bbox 332 500 464 584; x_wconf 86' lang='lat' dir='ltr'>quamvis</span> <span class='ocrx_word' id='word_1_21' title='bbox 487 524 503 566; x_wconf 89' lang='lat' dir='ltr'>a</span> <span class='ocrx_word' id='word_1_22' title='bbox 525 523 597 584; x_wconf 84' lang='lat' dir='ltr'>rege</span> <span class='ocrx_word' id='word_1_23' title='bbox 619 515 741 584; x_wconf 80' lang='lat' dir='ltr'>rogatus</span> <span class='ocrx_word' id='word_1_24' title='bbox 762 505 901 567; x_wconf 91' lang='lat' dir='ltr'>Achilles.</span> <span class='ocrx_word' id='word_1_25' title='bbox 1073 514 1089 562; x_wconf 80' lang='lat'>5</span> 
     </span>
     <span class='ocr_line' id='line_1_5' title="bbox 121 590 1006 671; baseline -0.003 -16"><span class='ocrx_word' id='word_1_26' title='bbox 121 595 224 671; x_wconf 81' lang='lat' dir='ltr'>Pugna</span> <span class='ocrx_word' id='word_1_27' title='bbox 247 591 307 662; x_wconf 89' lang='lat' dir='ltr'>diu,</span> <span class='ocrx_word' id='word_1_28' title='bbox 334 609 392 670; x_wconf 83' lang='lat' dir='ltr'>par</span> <span class='ocrx_word' id='word_1_29' title='bbox 415 607 518 650; x_wconf 88' lang='lat' dir='ltr'>mense</span> <span class='ocrx_word' id='word_1_30' title='bbox 541 593 632 668; x_wconf 76' lang='lat' dir='ltr'>viget3</span> <span class='ocrx_word' id='word_1_31' title='bbox 656 609 709 652; x_wconf 86' lang='lat' dir='ltr'>sex</span> <span class='ocrx_word' id='word_1_32' title='bbox 730 608 829 670; x_wconf 82' lang='lat' dir='ltr'>pugna</span> <span class='ocrx_word' id='word_1_33' title='bbox 852 590 965 652; x_wconf 87' lang='lat' dir='ltr'>diebus.</span> <span class='ocrx_word' id='word_1_34' title='bbox 1002 611 1006 622; x_wconf 66' lang='lat'><strong>⁴</strong></span> 
     </span>
     <span class='ocr_line' id='line_1_6' title="bbox 122 667 911 756; baseline -0.003 -18"><span class='ocrx_word' id='word_1_35' title='bbox 122 667 255 756; x_wconf 87' lang='lat' dir='ltr'>Septima</span> <span class='ocrx_word' id='word_1_36' title='bbox 276 693 356 736; x_wconf 89' lang='lat' dir='ltr'>mors</span> <span class='ocrx_word' id='word_1_37' title='bbox 380 673 483 743; x_wconf 82' lang='lat' dir='ltr'>Troili,</span> <span class='ocrx_word' id='word_1_38' title='bbox 506 673 539 735; x_wconf 85' lang='lat' dir='ltr'>fit</span> <span class='ocrx_word' id='word_1_39' title='bbox 561 693 616 754; x_wconf 84' lang='lat' dir='ltr'>pax</span> <span class='ocrx_word' id='word_1_40' title='bbox 639 677 762 754; x_wconf 85' lang='lat' dir='ltr'>triginta</span> <span class='ocrx_word' id='word_1_41' title='bbox 785 677 911 738; x_wconf 89' lang='lat' dir='ltr'>dierum.</span> 
     </span>
    </p>

    <p class='ocr_par' dir='ltr' id='par_1_4' title="bbox 121 758 1160 1010">
     <span class='ocr_line' id='line_1_7' title="bbox 123 758 1016 838; baseline 0.002 -14"><span class='ocrx_word' id='word_1_42' title='bbox 123 761 240 824; x_wconf 83' lang='lat' dir='ltr'>Occidit</span> <span class='ocrx_word' id='word_1_43' title='bbox 262 758 416 822; x_wconf 77' lang='lat' dir='ltr'>Aeacides.</span> <span class='ocrx_word' id='word_1_44' title='bbox 461 759 519 820; x_wconf 89' lang='lat' dir='ltr'>Pro</span> <span class='ocrx_word' id='word_1_45' title='bbox 542 758 657 838; x_wconf 74' lang='lat' dir='ltr'>Pyrrho</span> <span class='ocrx_word' id='word_1_46' title='bbox 680 763 770 822; x_wconf 88' lang='lat' dir='ltr'>mittit</span> <span class='ocrx_word' id='word_1_47' title='bbox 791 760 919 826; x_wconf 86' lang='lat' dir='ltr'>Atrides.</span> <span class='ocrx_word' id='word_1_48' title='bbox 1011 819 1016 826; x_wconf 90' lang='lat'>.</span> 
     </span>
     <span class='ocr_line' id='line_1_8' title="bbox 121 843 1027 926; baseline -0.007 -18"><span class='ocrx_word' id='word_1_49' title='bbox 121 846 245 909; x_wconf 87' lang='lat' dir='ltr'>Occisor</span> <span class='ocrx_word' id='word_1_50' title='bbox 267 843 383 906; x_wconf 89' lang='lat' dir='ltr'>Paridis</span> <span class='ocrx_word' id='word_1_51' title='bbox 406 845 436 906; x_wconf 88' lang='lat' dir='ltr'>iu</span> <span class='ocrx_word' id='word_1_52' title='bbox 460 843 565 905; x_wconf 86' lang='lat' dir='ltr'>castris</span> <span class='ocrx_word' id='word_1_53' title='bbox 586 844 690 905; x_wconf 91' lang='lat' dir='ltr'>interit</span> <span class='ocrx_word' id='word_1_54' title='bbox 711 845 794 926; x_wconf 87' lang='lat' dir='ltr'>Ajax.</span> <span class='ocrx_word' id='word_1_55' title='bbox 1024 895 1027 902; x_wconf 51' lang='lat'>.</span> 
     </span>
     <span class='ocr_line' id='line_1_9' title="bbox 121 926 1160 1010; baseline -0.004 -20"><span class='ocrx_word' id='word_1_56' title='bbox 121 930 240 1010; x_wconf 83' lang='lat' dir='ltr'>Trojam</span> <span class='ocrx_word' id='word_1_57' title='bbox 263 926 450 991; x_wconf 79' lang='lat' dir='ltr'>eiicnmdant</span> <span class='ocrx_word' id='word_1_58' title='bbox 473 935 503 989; x_wconf 90' lang='lat' dir='ltr'>et</span> <span class='ocrx_word' id='word_1_59' title='bbox 523 927 709 991; x_wconf 80' lang='lat' dir='ltr'>Penthesilea</span> <span class='ocrx_word' id='word_1_60' title='bbox 731 931 922 1010; x_wconf 89' lang='lat' dir='ltr'>propinquat.</span> <span class='ocrx_word' id='word_1_61' title='bbox 1058 938 1090 986; x_wconf 91' lang='lat'>10</span> <span class='ocrx_word' id='word_1_62' title='bbox 1150 943 1160 956; x_wconf 87' lang='lat'><em>·</em></span> 
     </span>
    </p>
   </div>
   <div class='ocr_carea' id='block_1_3' title="bbox 313 1129 894 1194">
    <p class='ocr_par' dir='ltr' id='par_1_5' title="bbox 313 1129 894 1194">
     <span class='ocr_line' id='line_1_10' title="bbox 313 1129 894 1194; baseline 0.007 -4"><span class='ocrx_word' id='word_1_63' title='bbox 313 1129 615 1191; x_wconf 77' lang='lat' dir='ltr'>EXPLIGIUNT</span> <span class='ocrx_word' id='word_1_64' title='bbox 643 1131 894 1194; x_wconf 81' lang='lat' dir='ltr'>CAPITULA.</span> 
     </span>
    </p>
   </div>
   <div class='ocr_carea' id='block_1_4' title="bbox 333 1246 873 1411">
    <p class='ocr_par' dir='ltr' id='par_1_6' title="bbox 333 1246 873 1411">
     <span class='ocr_line' id='line_1_11' title="bbox 367 1246 839 1314; baseline 0.008 -18"><span class='ocrx_word' id='word_1_65' title='bbox 367 1246 507 1298; x_wconf 79' lang='lat' dir='ltr'>INCIPIT</span> <span class='ocrx_word' id='word_1_66' title='bbox 524 1249 638 1301; x_wconf 84' lang='lat' dir='ltr'>LIBER</span> <span class='ocrx_word' id='word_1_67' title='bbox 658 1249 839 1314; x_wconf 82' lang='lat' dir='ltr'><strong>QUARTUS.</strong></span> 
     </span>
     <span class='ocr_line' id='line_1_12' title="bbox 333 1343 873 1411; baseline 0.007 -14"><span class='ocrx_word' id='word_1_68' title='bbox 333 1343 482 1399; x_wconf 84' lang='lat' dir='ltr'>NESTOR</span> <span class='ocrx_word' id='word_1_69' title='bbox 499 1345 689 1411; x_wconf 78' lang='lat' dir='ltr'>LOQUITUR</span> <span class='ocrx_word' id='word_1_70' title='bbox 707 1345 873 1402; x_wconf 82' lang='lat' dir='ltr'>GRAECIS.</span> 
     </span>
    </p>
   </div>
   <div class='ocr_carea' id='block_1_5' title="bbox 72 1449 1087 2957">
    <p class='ocr_par' dir='ltr' id='par_1_7' title="bbox 72 1449 1087 2957">
     <span class='ocr_line' id='line_1_13' title="bbox 118 1449 927 1535; baseline -0.001 -20"><span class='ocrx_word' id='word_1_71' title='bbox 118 1453 240 1515; x_wconf 80' lang='lat' dir='ltr'>Addidit</span> <span class='ocrx_word' id='word_1_72' title='bbox 260 1449 407 1512; x_wconf 82' lang='lat' dir='ltr'>invalidae</span> <span class='ocrx_word' id='word_1_73' title='bbox 429 1449 523 1511; x_wconf 90' lang='lat' dir='ltr'>robur</span> <span class='ocrx_word' id='word_1_74' title='bbox 545 1453 683 1515; x_wconf 82' lang='lat' dir='ltr'>facuadIa</span> <span class='ocrx_word' id='word_1_75' title='bbox 707 1471 823 1526; x_wconf 86' lang='lat' dir='ltr'>causae,</span> <span class='ocrx_word' id='word_1_76' title='bbox 925 1531 927 1535; x_wconf 23' lang='grc' dir='ltr'>Ι</span> 
     </span>
     <span class='ocr_line' id='line_1_14' title="bbox 162 1536 873 1616; baseline -0.003 -17"><span class='ocrx_word' id='word_1_77' title='bbox 162 1537 285 1616; x_wconf 88' lang='lat' dir='ltr'>Saepius</span> <span class='ocrx_word' id='word_1_78' title='bbox 308 1543 338 1595; x_wconf 90' lang='lat' dir='ltr'>et</span> <span class='ocrx_word' id='word_1_79' title='bbox 360 1537 481 1596; x_wconf 90' lang='lat' dir='ltr'>moestis</span> <span class='ocrx_word' id='word_1_80' title='bbox 503 1537 657 1598; x_wconf 87' lang='lat' dir='ltr'>commoda</span> <span class='ocrx_word' id='word_1_81' title='bbox 680 1538 772 1600; x_wconf 89' lang='lat' dir='ltr'>multa</span> <span class='ocrx_word' id='word_1_82' title='bbox 795 1536 873 1598; x_wconf 88' lang='lat' dir='ltr'>tulit.</span> 
     </span>
     <span class='ocr_line' id='line_1_15' title="bbox 117 1618 927 1693; baseline -0.001 -9"><span class='ocrx_word' id='word_1_83' title='bbox 117 1621 247 1684; x_wconf 89' lang='lat' dir='ltr'>Lueidus</span> <span class='ocrx_word' id='word_1_84' title='bbox 268 1621 300 1681; x_wconf 91' lang='lat' dir='ltr'>in</span> <span class='ocrx_word' id='word_1_85' title='bbox 323 1618 421 1680; x_wconf 89' lang='lat' dir='ltr'>causis</span> <span class='ocrx_word' id='word_1_86' title='bbox 443 1618 558 1692; x_wconf 88' lang='lat' dir='ltr'>Nestor,</span> <span class='ocrx_word' id='word_1_87' title='bbox 581 1621 634 1682; x_wconf 90' lang='lat' dir='ltr'>sed</span> <span class='ocrx_word' id='word_1_88' title='bbox 657 1623 810 1684; x_wconf 88' lang='lat' dir='ltr'>muscidus</span> <span class='ocrx_word' id='word_1_89' title='bbox 832 1622 927 1693; x_wconf 87' lang='lat' dir='ltr'>annis,</span> 
     </span>
     <span class='ocr_line' id='line_1_16' title="bbox 161 1701 794 1781; baseline 0.006 -13"><span class='ocrx_word' id='word_1_90' title='bbox 161 1706 287 1768; x_wconf 87' lang='lat' dir='ltr'>Nomine</span> <span class='ocrx_word' id='word_1_91' title='bbox 310 1701 425 1764; x_wconf 85' lang='lat' dir='ltr'>consilii</span> <span class='ocrx_word' id='word_1_92' title='bbox 446 1707 541 1781; x_wconf 90' lang='lat' dir='ltr'>poscit</span> <span class='ocrx_word' id='word_1_93' title='bbox 563 1705 668 1768; x_wconf 84' lang='lat' dir='ltr'>adesse</span> <span class='ocrx_word' id='word_1_94' title='bbox 691 1707 794 1772; x_wconf 86' lang='lat' dir='ltr'>duces.</span> 
     </span>
     <span class='ocr_line' id='line_1_17' title="bbox 118 1787 1087 1871; baseline -0.004 -19"><span class='ocrx_word' id='word_1_95' title='bbox 118 1791 166 1852; x_wconf 88' lang='lat' dir='ltr'>Me</span> <span class='ocrx_word' id='word_1_96' title='bbox 188 1787 296 1850; x_wconf 85' lang='lat' dir='ltr'>melius</span> <span class='ocrx_word' id='word_1_97' title='bbox 319 1789 414 1848; x_wconf 88' lang='lat' dir='ltr'>nostis</span> <span class='ocrx_word' id='word_1_98' title='bbox 436 1805 470 1848; x_wconf 91' lang='lat' dir='ltr'>ea</span> <span class='ocrx_word' id='word_1_99' title='bbox 494 1807 570 1868; x_wconf 90' lang='lat' dir='ltr'>quae</span> <span class='ocrx_word' id='word_1_100' title='bbox 592 1790 715 1871; x_wconf 91' lang='lat' dir='ltr'>loquor;</span> <span class='ocrx_word' id='word_1_101' title='bbox 740 1797 785 1853; x_wconf 90' lang='lat' dir='ltr'>est</span> <span class='ocrx_word' id='word_1_102' title='bbox 808 1791 996 1852; x_wconf 80' lang='lat' dir='ltr'>manifestum</span> <span class='ocrx_word' id='word_1_103' title='bbox 1071 1799 1087 1848; x_wconf 78' lang='lat' dir='ltr'>n</span> 
     </span>
     <span class='ocr_line' id='line_1_18' title="bbox 161 1871 873 1952; baseline 0.003 -19"><span class='ocrx_word' id='word_1_104' title='bbox 161 1871 246 1944; x_wconf 84' lang='lat' dir='ltr'>Quod</span> <span class='ocrx_word' id='word_1_105' title='bbox 269 1887 372 1933; x_wconf 90' lang='lat' dir='ltr'>sumus</span> <span class='ocrx_word' id='word_1_106' title='bbox 395 1872 537 1951; x_wconf 81' lang='lat' dir='ltr'>acephali,</span> <span class='ocrx_word' id='word_1_107' title='bbox 560 1891 631 1952; x_wconf 84' lang='lat' dir='ltr'>rege</span> <span class='ocrx_word' id='word_1_108' title='bbox 653 1894 799 1946; x_wconf 90' lang='lat' dir='ltr'>caremus,</span> <span class='ocrx_word' id='word_1_109' title='bbox 823 1877 873 1938; x_wconf 87' lang='lat' dir='ltr'>ait.</span> 
     </span>
     <span class='ocr_line' id='line_1_19' title="bbox 117 1956 1022 2042; baseline 0.003 -23"><span class='ocrx_word' id='word_1_110' title='bbox 117 1958 220 2038; x_wconf 88' lang='lat' dir='ltr'>Turpe</span> <span class='ocrx_word' id='word_1_111' title='bbox 243 1972 335 2038; x_wconf 87' lang='lat' dir='ltr'>pecus</span> <span class='ocrx_word' id='word_1_112' title='bbox 358 1956 504 2027; x_wconf 89' lang='lat' dir='ltr'>mutilum,</span> <span class='ocrx_word' id='word_1_113' title='bbox 528 1960 625 2038; x_wconf 88' lang='lat' dir='ltr'>turpis</span> <span class='ocrx_word' id='word_1_114' title='bbox 648 1963 711 2021; x_wconf 90' lang='lat' dir='ltr'>siue</span> <span class='ocrx_word' id='word_1_115' title='bbox 733 1963 867 2039; x_wconf 82' lang='lat' dir='ltr'>gramine</span> <span class='ocrx_word' id='word_1_116' title='bbox 890 1977 1022 2042; x_wconf 88' lang='lat' dir='ltr'>campus,</span> 
     </span>
     <span class='ocr_line' id='line_1_20' title="bbox 160 2038 903 2125; baseline 0.005 -22"><span class='ocrx_word' id='word_1_117' title='bbox 160 2041 197 2104; x_wconf 87' lang='lat' dir='ltr'>Et</span> <span class='ocrx_word' id='word_1_118' title='bbox 220 2043 285 2102; x_wconf 87' lang='lat' dir='ltr'>sine</span> <span class='ocrx_word' id='word_1_119' title='bbox 308 2038 413 2100; x_wconf 90' lang='lat' dir='ltr'>ironde</span> <span class='ocrx_word' id='word_1_120' title='bbox 435 2041 534 2102; x_wconf 78' lang='lat' dir='ltr'>frutex</span> <span class='ocrx_word' id='word_1_121' title='bbox 557 2049 588 2103; x_wconf 90' lang='lat' dir='ltr'>et</span> <span class='ocrx_word' id='word_1_122' title='bbox 608 2046 672 2104; x_wconf 88' lang='lat' dir='ltr'>sine</span> <span class='ocrx_word' id='word_1_123' title='bbox 695 2047 777 2106; x_wconf 89' lang='lat' dir='ltr'>crine</span> <span class='ocrx_word' id='word_1_124' title='bbox 799 2054 903 2125; x_wconf 86' lang='lat' dir='ltr'>caput;</span> 
     </span>
     <span class='ocr_line' id='line_1_21' title="bbox 117 2125 795 2208; baseline 0.004 -21"><span class='ocrx_word' id='word_1_125' title='bbox 117 2127 155 2187; x_wconf 80' lang='lat' dir='ltr'>Iit</span> <span class='ocrx_word' id='word_1_126' title='bbox 179 2144 247 2187; x_wconf 84' lang='lat' dir='ltr'>vere</span> <span class='ocrx_word' id='word_1_127' title='bbox 271 2125 367 2202; x_wconf 88' lang='lat' dir='ltr'>turpis</span> <span class='ocrx_word' id='word_1_128' title='bbox 390 2128 539 2187; x_wconf 78' lang='lat' dir='ltr'>exercitus</span> <span class='ocrx_word' id='word_1_129' title='bbox 562 2130 692 2190; x_wconf 88' lang='lat' dir='ltr'>estsine</span> <span class='ocrx_word' id='word_1_130' title='bbox 715 2147 795 2208; x_wconf 82' lang='lat' dir='ltr'>rege,</span> 
     </span>
     <span class='ocr_line' id='line_1_22' title="bbox 160 2207 794 2289; baseline 0.005 -17"><span class='ocrx_word' id='word_1_131' title='bbox 160 2211 323 2289; x_wconf 79' lang='lat' dir='ltr'>Praecipue</span> <span class='ocrx_word' id='word_1_132' title='bbox 345 2207 416 2269; x_wconf 89' lang='lat' dir='ltr'>belli</span> <span class='ocrx_word' id='word_1_133' title='bbox 439 2229 506 2271; x_wconf 90' lang='lat' dir='ltr'>oum</span> <span class='ocrx_word' id='word_1_134' title='bbox 530 2220 621 2273; x_wconf 90' lang='lat' dir='ltr'>status</span> <span class='ocrx_word' id='word_1_135' title='bbox 643 2215 734 2274; x_wconf 89' lang='lat' dir='ltr'>instat</span> <span class='ocrx_word' id='word_1_136' title='bbox 756 2215 794 2275; x_wconf 90' lang='lat' dir='ltr'>ei.</span> 
     </span>
     <span class='ocr_line' id='line_1_23' title="bbox 72 2295 837 2370; baseline 0.003 -14"><span class='ocrx_word' id='word_1_137' title='bbox 72 2295 75 2299; x_wconf 83' lang='grc'><strong>’</strong></span> <span class='ocrx_word' id='word_1_138' title='bbox 116 2295 235 2360; x_wconf 81' lang='lat' dir='ltr'>bellum</span> <span class='ocrx_word' id='word_1_139' title='bbox 256 2310 314 2354; x_wconf 92' lang='lat' dir='ltr'>non</span> <span class='ocrx_word' id='word_1_140' title='bbox 336 2295 437 2365; x_wconf 90' lang='lat' dir='ltr'>instat,</span> <span class='ocrx_word' id='word_1_141' title='bbox 462 2299 554 2357; x_wconf 90' lang='lat' dir='ltr'>immo</span> <span class='ocrx_word' id='word_1_142' title='bbox 577 2300 724 2360; x_wconf 88' lang='lat' dir='ltr'>veraciter</span> <span class='ocrx_word' id='word_1_143' title='bbox 747 2307 837 2370; x_wconf 79' lang='lat' dir='ltr'>extat,</span> 
     </span>
     <span class='ocr_line' id='line_1_24' title="bbox 159 2377 785 2452; baseline 0.008 -12"><span class='ocrx_word' id='word_1_144' title='bbox 159 2377 317 2440; x_wconf 86' lang='lat' dir='ltr'>Intrabunt</span> <span class='ocrx_word' id='word_1_145' title='bbox 338 2378 449 2451; x_wconf 90' lang='lat' dir='ltr'>hostes,</span> <span class='ocrx_word' id='word_1_146' title='bbox 474 2382 522 2441; x_wconf 81' lang='lat' dir='ltr'>vix</span> <span class='ocrx_word' id='word_1_147' title='bbox 546 2383 601 2442; x_wconf 87' lang='lat' dir='ltr'>erit</span> <span class='ocrx_word' id='word_1_148' title='bbox 624 2391 688 2444; x_wconf 89' lang='lat' dir='ltr'>orta</span> <span class='ocrx_word' id='word_1_149' title='bbox 712 2383 785 2452; x_wconf 88' lang='lat' dir='ltr'>dies,</span> 
     </span>
     <span class='ocr_line' id='line_1_25' title="bbox 115 2464 903 2543; baseline 0.005 -19"><span class='ocrx_word' id='word_1_150' title='bbox 115 2464 298 2543; x_wconf 87' lang='lat' dir='ltr'>Praeceptor</span> <span class='ocrx_word' id='word_1_151' title='bbox 321 2465 387 2542; x_wconf 90' lang='lat' dir='ltr'>quis</span> <span class='ocrx_word' id='word_1_152' title='bbox 409 2473 514 2526; x_wconf 88' lang='lat' dir='ltr'>noster</span> <span class='ocrx_word' id='word_1_153' title='bbox 537 2467 611 2527; x_wconf 79' lang='lat' dir='ltr'>erit?</span> <span class='ocrx_word' id='word_1_154' title='bbox 634 2485 683 2529; x_wconf 88' lang='lat' dir='ltr'>res</span> <span class='ocrx_word' id='word_1_155' title='bbox 706 2467 810 2530; x_wconf 91' lang='lat' dir='ltr'>bellica</span> <span class='ocrx_word' id='word_1_156' title='bbox 834 2467 903 2528; x_wconf 89' lang='lat' dir='ltr'>duci</span> 
     </span>
     <span class='ocr_line' id='line_1_26' title="bbox 156 2546 930 2631; baseline 0.003 -21"><span class='ocrx_word' id='word_1_157' title='bbox 156 2548 223 2610; x_wconf 91' lang='lat' dir='ltr'>Non</span> <span class='ocrx_word' id='word_1_158' title='bbox 246 2546 325 2608; x_wconf 85' lang='lat' dir='ltr'>velet</span> <span class='ocrx_word' id='word_1_159' title='bbox 347 2548 461 2628; x_wconf 88' lang='lat' dir='ltr'>absque</span> <span class='ocrx_word' id='word_1_160' title='bbox 484 2549 570 2622; x_wconf 84' lang='lat' dir='ltr'>duce,</span> <span class='ocrx_word' id='word_1_161' title='bbox 593 2569 654 2615; x_wconf 91' lang='lat' dir='ltr'>non</span> <span class='ocrx_word' id='word_1_162' title='bbox 677 2554 741 2613; x_wconf 89' lang='lat' dir='ltr'>sine</span> <span class='ocrx_word' id='word_1_163' title='bbox 763 2569 834 2631; x_wconf 81' lang='lat' dir='ltr'>rege</span> <span class='ocrx_word' id='word_1_164' title='bbox 856 2553 930 2631; x_wconf 79' lang='lat' dir='ltr'>regi.</span> 
     </span>
     <span class='ocr_line' id='line_1_27' title="bbox 114 2631 1082 2714; baseline 0 -21"><span class='ocrx_word' id='word_1_165' title='bbox 114 2631 259 2695; x_wconf 85' lang='lat' dir='ltr'>Errantes</span> <span class='ocrx_word' id='word_1_166' title='bbox 282 2633 403 2703; x_wconf 88' lang='lat' dir='ltr'>erimus,</span> <span class='ocrx_word' id='word_1_167' title='bbox 427 2636 453 2694; x_wconf 89' lang='lat' dir='ltr'>si</span> <span class='ocrx_word' id='word_1_168' title='bbox 475 2644 671 2714; x_wconf 88' lang='lat' dir='ltr'>praeceptore</span> <span class='ocrx_word' id='word_1_169' title='bbox 694 2654 839 2706; x_wconf 81' lang='lat' dir='ltr'>caremus,</span> <span class='ocrx_word' id='word_1_170' title='bbox 1051 2645 1082 2693; x_wconf 81' lang='lat'>15</span> 
     </span>
     <span class='ocr_line' id='line_1_28' title="bbox 157 2717 928 2797; baseline 0.006 -20"><span class='ocrx_word' id='word_1_171' title='bbox 157 2717 217 2780; x_wconf 90' lang='lat' dir='ltr'>Nos</span> <span class='ocrx_word' id='word_1_172' title='bbox 240 2723 269 2777; x_wconf 90' lang='lat' dir='ltr'>et</span> <span class='ocrx_word' id='word_1_173' title='bbox 292 2734 368 2797; x_wconf 85' lang='lat' dir='ltr'>quae</span> <span class='ocrx_word' id='word_1_174' title='bbox 391 2717 527 2789; x_wconf 90' lang='lat' dir='ltr'>tulimus,</span> <span class='ocrx_word' id='word_1_175' title='bbox 551 2719 686 2782; x_wconf 89' lang='lat' dir='ltr'>hostibus</span> <span class='ocrx_word' id='word_1_176' title='bbox 709 2741 791 2785; x_wconf 87' lang='lat' dir='ltr'>arma</span> <span class='ocrx_word' id='word_1_177' title='bbox 814 2721 928 2783; x_wconf 84' lang='lat' dir='ltr'>damus.</span> 
     </span>
     <span class='ocr_line' id='line_1_29' title="bbox 111 2801 962 2880; baseline 0.006 -18"><span class='ocrx_word' id='word_1_178' title='bbox 111 2801 176 2862; x_wconf 84' lang='lat' dir='ltr'>Rex</span> <span class='ocrx_word' id='word_1_179' title='bbox 199 2803 405 2880; x_wconf 83' lang='lat' dir='ltr'>Agamemnon</span> <span class='ocrx_word' id='word_1_180' title='bbox 428 2810 500 2871; x_wconf 88' lang='lat' dir='ltr'>erat,</span> <span class='ocrx_word' id='word_1_181' title='bbox 525 2803 573 2865; x_wconf 89' lang='lat' dir='ltr'>hic</span> <span class='ocrx_word' id='word_1_182' title='bbox 595 2807 691 2876; x_wconf 88' lang='lat' dir='ltr'>cessit,</span> <span class='ocrx_word' id='word_1_183' title='bbox 716 2810 766 2869; x_wconf 89' lang='lat' dir='ltr'>eui</span> <span class='ocrx_word' id='word_1_184' title='bbox 788 2807 962 2868; x_wconf 86' lang='lat' dir='ltr'>Palamedes</span> 
     </span>
     <span class='ocr_line' id='line_1_30' title="bbox 154 2884 691 2957; baseline 0.011 -12"><span class='ocrx_word' id='word_1_185' title='bbox 154 2884 237 2946; x_wconf 92' lang='lat' dir='ltr'>lllico</span> <span class='ocrx_word' id='word_1_186' title='bbox 260 2889 415 2957; x_wconf 86' lang='lat' dir='ltr'>successit,</span> <span class='ocrx_word' id='word_1_187' title='bbox 438 2887 518 2950; x_wconf 89' lang='lat' dir='ltr'>illico</span> <span class='ocrx_word' id='word_1_188' title='bbox 541 2891 598 2949; x_wconf 88' lang='lat' dir='ltr'>cito</span> <span class='ocrx_word' id='word_1_189' title='bbox 621 2893 691 2951; x_wconf 88' lang='lat' dir='ltr'>ruit.</span> 
     </span>
    </p>
   </div>
   <div class='ocr_carea' id='block_1_6' title="bbox 110 3024 316 3034">
    <p class='ocr_par' dir='ltr' id='par_1_8' title="bbox 110 3024 316 3034">
     <span class='ocr_line' id='line_1_31' title="bbox 110 3024 316 3034; baseline 0.015 -3"><span class='ocrx_word' id='word_1_190' title='bbox 110 3024 316 3034; x_wconf 82' lang='lat'><em>———-.—..</em></span> 
     </span>
    </p>
   </div>
   <div class='ocr_carea' id='block_1_7' title="bbox 103 3084 1081 3557">
    <p class='ocr_par' dir='ltr' id='par_1_9' title="bbox 106 3084 1081 3220">
     <span class='ocr_line' id='line_1_32' title="bbox 108 3084 1081 3160; baseline 0.009 -24"><span class='ocrx_word' id='word_1_191' title='bbox 108 3084 212 3136; x_wconf 83' lang='lat' dir='ltr'>indicis</span> <span class='ocrx_word' id='word_1_192' title='bbox 229 3088 438 3153; x_wconf 87' lang='lat' dir='ltr'>inscriptionem</span> <span class='ocrx_word' id='word_1_193' title='bbox 456 3091 536 3156; x_wconf 84' lang='lat' dir='ltr'>quasi</span> <span class='ocrx_word' id='word_1_194' title='bbox 553 3091 634 3156; x_wconf 88' lang='lat' dir='ltr'>primi</span> <span class='ocrx_word' id='word_1_195' title='bbox 653 3094 770 3160; x_wconf 81' lang='lat' dir='ltr'>capituli</span> <span class='ocrx_word' id='word_1_196' title='bbox 788 3094 870 3146; x_wconf 84' lang='lat' dir='ltr'>feeit:</span> <span class='ocrx_word' id='word_1_197' title='bbox 893 3095 1081 3160; x_wconf 85' lang='lat' dir='ltr'>Agamemnon</span> 
     </span>
     <span class='ocr_line' id='line_1_33' title="bbox 106 3156 337 3220; baseline 0.004 -16"><span class='ocrx_word' id='word_1_198' title='bbox 106 3156 212 3204; x_wconf 86' lang='lat' dir='ltr'>iterum</span> <span class='ocrx_word' id='word_1_199' title='bbox 231 3160 337 3220; x_wconf 82' lang='lat' dir='ltr'>regnet.</span> 
     </span>
    </p>

    <p class='ocr_par' dir='ltr' id='par_1_10' title="bbox 105 3223 1078 3428">
     <span class='ocr_line' id='line_1_34' title="bbox 191 3223 1078 3297; baseline 0.012 -27"><span class='ocrx_word' id='word_1_200' title='bbox 191 3224 215 3270; x_wconf 90' lang='lat' dir='ltr'>i.</span> <span class='ocrx_word' id='word_1_201' title='bbox 243 3223 351 3273; x_wconf 87' lang='lat' dir='ltr'>Luceni</span> <span class='ocrx_word' id='word_1_202' title='bbox 379 3229 422 3275; x_wconf 87' lang='lat' dir='ltr'>est</span> <span class='ocrx_word' id='word_1_203' title='bbox 450 3225 546 3276; x_wconf 86' lang='lat' dir='ltr'>Phers.</span> <span class='ocrx_word' id='word_1_204' title='bbox 565 3227 632 3290; x_wconf 87' lang='lat' dir='ltr'>Vll,</span> <span class='ocrx_word' id='word_1_205' title='bbox 660 3231 699 3284; x_wconf 85' lang='grc'>67.</span> <span class='ocrx_word' id='word_1_206' title='bbox 804 3234 828 3284; x_wconf 88' lang='grc'>3.</span> <span class='ocrx_word' id='word_1_207' title='bbox 847 3246 861 3281; x_wconf 89' lang='lat' dir='ltr'>e</span> <span class='ocrx_word' id='word_1_208' title='bbox 880 3231 1005 3296; x_wconf 73' lang='lat' dir='ltr'>margine</span> <span class='ocrx_word' id='word_1_209' title='bbox 1028 3246 1078 3297; x_wconf 88' lang='lat' dir='ltr'>pro</span> 
     </span>
     <span class='ocr_line' id='line_1_35' title="bbox 105 3287 1077 3356; baseline 0.009 -18"><span class='ocrx_word' id='word_1_210' title='bbox 105 3287 243 3339; x_wconf 84' lang='lat' dir='ltr'>mucidus.</span> <span class='ocrx_word' id='word_1_211' title='bbox 302 3292 325 3341; x_wconf 93' lang='lat' dir='ltr'>&#39;l.</span> <span class='ocrx_word' id='word_1_212' title='bbox 344 3293 369 3343; x_wconf 88' lang='grc'>8.</span> <span class='ocrx_word' id='word_1_213' title='bbox 389 3291 440 3343; x_wconf 90' lang='lat' dir='ltr'>Ov.</span> <span class='ocrx_word' id='word_1_214' title='bbox 457 3292 509 3343; x_wconf 87' lang='lat' dir='ltr'>Ars</span> <span class='ocrx_word' id='word_1_215' title='bbox 527 3294 577 3356; x_wconf 90' lang='lat'>111,</span> <span class='ocrx_word' id='word_1_216' title='bbox 596 3297 654 3348; x_wconf 76' lang='lat'>249.</span> <span class='ocrx_word' id='word_1_217' title='bbox 674 3300 715 3352; x_wconf 80' lang='lat'>50.</span> <span class='ocrx_word' id='word_1_218' title='bbox 770 3301 794 3349; x_wconf 87' lang='grc'>9.</span> <span class='ocrx_word' id='word_1_219' title='bbox 814 3301 851 3353; x_wconf 88' lang='grc'>10.</span> <span class='ocrx_word' id='word_1_220' title='bbox 872 3297 981 3348; x_wconf 80' lang='lat' dir='ltr'>Gualth.</span> <span class='ocrx_word' id='word_1_221' title='bbox 1000 3299 1077 3350; x_wconf 85' lang='lat' dir='ltr'>Alex.</span> 
     </span>
     <span class='ocr_line' id='line_1_36' title="bbox 105 3357 1009 3428; baseline 0.011 -21"><span class='ocrx_word' id='word_1_222' title='bbox 105 3357 157 3418; x_wconf 92' lang='lat' dir='ltr'>IV,</span> <span class='ocrx_word' id='word_1_223' title='bbox 177 3358 236 3407; x_wconf 72' lang='lat'>467.</span> <span class='ocrx_word' id='word_1_224' title='bbox 255 3358 280 3411; x_wconf 88' lang='grc'>8.</span> <span class='ocrx_word' id='word_1_225' title='bbox 315 3359 373 3410; x_wconf 86' lang='lat' dir='ltr'>Neo</span> <span class='ocrx_word' id='word_1_226' title='bbox 391 3360 497 3411; x_wconf 85' lang='lat' dir='ltr'>munira</span> <span class='ocrx_word' id='word_1_227' title='bbox 516 3361 591 3412; x_wconf 85' lang='lat' dir='ltr'>latus</span> <span class='ocrx_word' id='word_1_228' title='bbox 611 3368 693 3416; x_wconf 86' lang='lat' dir='ltr'>ermis</span> <span class='ocrx_word' id='word_1_229' title='bbox 712 3365 771 3414; x_wconf 88' lang='lat' dir='ltr'>sine</span> <span class='ocrx_word' id='word_1_230' title='bbox 789 3379 859 3418; x_wconf 85' lang='lat' dir='ltr'>voce</span> <span class='ocrx_word' id='word_1_231' title='bbox 874 3364 1009 3428; x_wconf 84' lang='lat' dir='ltr'>jubentis,</span> 
     </span>
    </p>

    <p class='ocr_par' dir='ltr' id='par_1_11' title="bbox 103 3425 1031 3557">
     <span class='ocr_line' id='line_1_37' title="bbox 312 3425 1031 3499; baseline 0.022 -24"><span class='ocrx_word' id='word_1_232' title='bbox 312 3425 357 3476; x_wconf 89' lang='lat' dir='ltr'>Ire</span> <span class='ocrx_word' id='word_1_233' title='bbox 375 3442 427 3477; x_wconf 86' lang='lat' dir='ltr'>nee</span> <span class='ocrx_word' id='word_1_234' title='bbox 446 3428 475 3476; x_wconf 91' lang='lat' dir='ltr'>in</span> <span class='ocrx_word' id='word_1_235' title='bbox 493 3432 598 3480; x_wconf 78' lang='lat' dir='ltr'>turmae</span> <span class='ocrx_word' id='word_1_236' title='bbox 617 3433 701 3484; x_wconf 85' lang='lat' dir='ltr'>audet</span> <span class='ocrx_word' id='word_1_237' title='bbox 719 3434 779 3484; x_wconf 88' lang='lat' dir='ltr'>sine</span> <span class='ocrx_word' id='word_1_238' title='bbox 797 3433 923 3499; x_wconf 86' lang='lat' dir='ltr'>principe</span> <span class='ocrx_word' id='word_1_239' title='bbox 943 3433 1031 3490; x_wconf 83' lang='lat' dir='ltr'>miles.</span> 
     </span>
     <span class='ocr_line' id='line_1_38' title="bbox 103 3489 924 3557; baseline 0.015 -17"><span class='ocrx_word' id='word_1_240' title='bbox 103 3492 148 3546; x_wconf 74' lang='lat'>12.</span> <span class='ocrx_word' id='word_1_241' title='bbox 169 3489 249 3544; x_wconf 85' lang='lat' dir='ltr'>Ovid.</span> <span class='ocrx_word' id='word_1_242' title='bbox 267 3493 345 3545; x_wconf 81' lang='lat' dir='ltr'>Fest.</span> <span class='ocrx_word' id='word_1_243' title='bbox 364 3495 400 3557; x_wconf 85' lang='grc' dir='ltr'>ΙΙ,</span> <span class='ocrx_word' id='word_1_244' title='bbox 420 3497 471 3546; x_wconf 86' lang='grc'>330</span> <span class='ocrx_word' id='word_1_245' title='bbox 505 3521 536 3532; x_wconf 95' lang='grc'>-</span> <span class='ocrx_word' id='word_1_246' title='bbox 556 3523 588 3534; x_wconf 86' lang='grc'>-</span> <span class='ocrx_word' id='word_1_247' title='bbox 609 3517 669 3551; x_wconf 88' lang='lat' dir='ltr'>eum</span> <span class='ocrx_word' id='word_1_248' title='bbox 687 3501 760 3551; x_wconf 80' lang='lat' dir='ltr'>foret</span> <span class='ocrx_word' id='word_1_249' title='bbox 779 3505 838 3553; x_wconf 82' lang='lat' dir='ltr'>orta</span> <span class='ocrx_word' id='word_1_250' title='bbox 858 3502 924 3554; x_wconf 84' lang='lat' dir='ltr'>dies.</span> 
     </span>
    </p>
   </div>
   <div class='ocr_carea' id='block_1_8' title="bbox 0 0 1314 3984">
    <p class='ocr_par' dir='ltr' id='par_1_12' title="bbox 0 0 1314 3984">
     <span class='ocr_line' id='line_1_39' title="bbox 0 0 1314 3984; baseline 0 6"><span class='ocrx_word' id='word_1_251' title='bbox 0 0 1314 3984; x_wconf 95' lang='lat' dir='ltr'> </span> 
     </span>
    </p>
   </div>
  </div>
 </body>
</html>
