2618 3984
409 210 411 218 ’
449 217 511 270 Lib.
529 216 583 272 111.
618 234 643 273 v.
662 217 806 271 ott-tto.
1072 217 1113 281 93

145 373 280 435 lnduitur
302 369 413 446 trabea,
439 369 490 430 sed
513 369 593 430 nulla
614 373 748 449 potentia
769 369 856 448 longa

189 455 332 518 Persolvit
354 462 454 534 grates
475 454 674 533 imperitando
697 455 807 515 sedem.

145 541 210 604 Non
233 540 329 620 placet
350 538 494 601 Aeacidae
516 540 601 617 regni
623 541 762 610 mutatio;
786 556 874 618 saepe

188 627 246 688 lies
269 643 336 686 cum
359 625 496 705 personis
511 642 551 684 se
574 624 688 684 variare
710 619 816 688 solent.
1063 633 1114 708 666Ι

320 788 463 842 innuunt
480 785 655 842 REDEUNT
674 787 726 841 AD
743 787 940 844 PROELIUM.

146 897 262 959 Interea
285 893 364 954 binis
387 895 505 954 emissis
527 892 683 954 mensibus
707 901 736 954 et
758 911 814 971 pax

191 979 242 1041 Est
264 977 353 1040 simul
377 979 494 1049 emissa,
517 977 549 1037 tit
571 994 661 1037 sonus
684 976 796 1058 absque
819 996 909 1062 mora.

147 1065 255 1130 EdncIt
277 1064 406 1124 Graecos
428 1060 612 1131 Palamedes
635 1059 740 1124 bellica
765 1063 848 1141 signa

114 1198 117 1204 .
189 1149 346 1214 lostaurat,
372 1165 483 1209 cuneos
506 1145 739 1216 ordinat,‘arma
762 1148 846 1208 levat.

147 1234 254 1296 Contra
278 1231 448 1311 Deiphobus
471 1229 614 1311 Phrygios
635 1232 667 1290 in
689 1230 804 1308 proelia
828 1232 918 1299 ducit,
1063 1239 1113 1288 666

190 1318 389 1386 Concurrunt,
412 1323 555 1394 pugnant,
580 1315 697 1375 sortiter
720 1313 800 1376 arma
824 1322 939 1375 sonant.

148 1403 191 1464 De
213 1402 301 1481 Lycia
323 1399 478 1480 Sarpedon
502 1397 585 1463 adest
608 1408 637 1460 et
660 1402 690 1460 in
714 1402 833 1478 agmine
856 1401 961 1462 miscet

189 1487 319 1548 Vulnera
342 1481 507 1555 funeribus,
531 1484 635 1545 lunera
659 1483 844 1546 vulneribus.

146 1569 213 1632 Tali
236 1568 436 1648 Triptolemus
456 1569 571 1648 jactura
594 1575 692 1629 motus
717 1571 812 1630 atroci

190 1654 310 1735 lmpetit
331 1653 412 1730 hunc
435 1653 542 1720 animo,
567 1667 655 1726 quem
677 1652 786 1731 premit
809 1651 920 1728 absque
942 1668 1037 1715 mora.
1066 1659 1116 1710 666

147 1739 306 1817 Temperat
327 1736 376 1797 ille
398 1735 520 1812 modum
544 1733 743 1814 reprimendo,
768 1754 823 1797 nec
845 1735 995 1796 moderari

193 1820 372 1882 Obsistendo
395 1818 483 1880 modo
505 1817 638 1897 pervalet
659 1817 709 1878 ille
732 1819 862 1878 modum.

148 1903 215 1965 Non
238 1903 314 1964 ridet
335 1905 452 1964 fortuna
476 1902 535 1971 diu,
559 1902 648 1961 nimis
671 1901 896 1962 immoderatum
966 1939 973 1947 -

193 1986 329 2048 Vulneris
350 1986 461 2066 injectu
484 2004 567 2047 mors
592 1985 762 2046 moderatur
785 1985 901 2051 herum.

149 2073 183 2133 ln
207 2071 318 2133 bellum
342 2071 448 2132 Perses
469 2069 605 2132 succedit
627 2089 753 2150 eumque
775 2077 901 2150 repente
1067 2081 1116 2130 665

193 2155 348 2236 Sarpedon
372 2156 485 2225 sternit,
509 2162 646 2215 mortuus
669 2153 718 2213 ille
740 2154 827 2216 cadit.

109 2241 133 2322 ζ
148 2243 259 2302 llintim
281 2260 313 2300 se
335 2241 461 2319 populus
484 2239 652 2306 obtruncat,
676 2246 777 2299 mutuo
800 2248 938 2309 mactant,

192 2326 383 2398 Sternuntur,
408 2331 555 2390 sternunt.
580 2320 673 2384 millia
696 2323 785 2384 multa
809 2326 927 2386 cadunt.

148 2410 283 2477 Ridetur,
308 2408 419 2470 chorda
442 2411 492 2488 qui
514 2425 633 2485 semper
655 2408 776 2469 oberrat
799 2409 911 2480 eadem,

192 2491 330 2565 Quamvis
354 2496 395 2553 sit
416 2493 519 2553 doctus
543 2501 573 2552 et
594 2492 747 2553 citharista
771 2492 875 2554 bonus.
1067 2503 1117 2553 ott

150 2577 277 2640 Vocibus
299 2580 412 2638 instare
434 2575 489 2637 nos
511 2593 629 2653 semper
651 2583 733 2654 optat
755 2577 881 2638 eisdem:

192 2664 383 2730 Sternuntur,
407 2667 549 2731 sternunt,
574 2661 668 2721 millia
690 2661 782 2722 multa
806 2661 923 2723 cadunt.
957 2689 960 2696 ·

149 2746 237 2808 Certe
261 2764 350 2823 saepe
374 2747 461 2807 docet
483 2762 538 2806 nos
561 2745 677 2804 cordam
702 2753 833 2822 tangere,
857 2764 1021 2824 perquam

192 2829 294 2891 Debita
316 2833 500 2909 praecipitur
523 2830 641 2908 saepius
664 2831 707 2888 ire
731 2837 809 2889 nota.

150 2915 250 2992 Pugna
274 2915 393 2990 quidem
417 2932 531 2992 magua,
555 2913 650 2993 major
671 2913 820 2993 jactantia,
843 2922 957 2991 strages
1068 2923 1116 2974 ott

192 2999 318 3060 Maxima
342 2998 482 3068 desaevit,
506 2996 589 3077 plebs
611 3001 695 3077 quasi
717 2998 830 3074 grando
853 3001 923 3059 ruit.

218 3171 276 3222 650.
296 3167 361 3222 Ood.
377 3166 531 3232 protheure.
545 3181 653 3231 mergo:
671 3171 784 3216 mutare.
820 3167 877 3219 651.
892 3167 1002 3230 Margo:
1018 3166 1118 3231 Pugna

152 3236 217 3298 XII,
236 3237 264 3285 in
283 3250 336 3301 qua
354 3235 497 3300 Sarpedon
515 3247 561 3283 rex
579 3235 683 3298 Lyciae
702 3233 802 3285 occidit
819 3235 1022 3300 Triptolemum.

151 3304 210 3354 669.
230 3306 270 3358 tt.
289 3306 329 3357 Vl.
349 3304 454 3366 Margo.
474 3301 520 3351 hic
538 3305 653 3352 excusat
672 3317 701 3351 se
720 3307 816 3352 auctor
833 3316 968 3366 supereo,
988 3301 1060 3367 quod
1074 3315 1118 3352 co·

152 3371 229 3437 gitur
246 3385 330 3435 saepo
350 3371 446 3421 eadem
463 3372 594 3434 repetere.
629 3369 695 3418 Hor.
712 3367 764 3420 Ars
784 3376 855 3434 poet.
874 3371 933 3423 355.
951 3370 992 3419 56.

225 3438 366 3500 ¹Quamvis
385 3442 430 3486 est
447 3436 575 3499 monitus,
593 3435 676 3488 venia
693 3444 782 3498 caret3
803 3442 832 3487 at
851 3437 1025 3488 citharoedus

235 3505 360 3568 Ridetur,
380 3503 482 3554 chorda
501 3504 547 3566 qui
565 3519 673 3570 semper
690 3505 803 3556 oberrat
822 3504 925 3560 eadem.
