2618 3984
437 206 500 260 ιιι,
519 205 568 256 ιιι.
604 189 791 258 usco-aaa.
893 227 895 236 ι
1061 201 1101 266 81

134 361 211 422 Pace
233 358 413 420 resultantes
436 363 496 418 tres
519 357 668 436 pertinere
690 355 879 426 Decembres,

177 445 347 522 Erumpunt
369 444 478 502 iterum
502 439 579 502 bella
601 441 742 502 minando
766 441 906 520 Phryges.
1052 451 1104 500 310
1179 455 1181 462 ·

136 530 280 609 Troianas
304 528 382 588 acies
404 525 522 595 Troilus
545 525 683 605 producit
705 535 735 587 et
758 525 867 586 Hector

175 615 315 678 Memnon
338 619 368 671 et
390 611 503 672 Aeneas
527 618 654 688 quatuor
676 629 754 672 unns
777 628 862 690 apex.

133 699 196 760 Rex
219 699 420 775 Agamemnon
445 698 488 754 cis
511 697 640 756 occurrit
663 713 730 755 cmn
753 693 896 764 Menelao,

176 783 229 842 llis
252 789 316 842 erat
337 779 479 841 Aeacides
502 797 569 840 curn
593 778 734 839 Diomede
757 797 866 839 comes.

133 867 261 930 Buccina
284 866 430 942 mugitum
453 863 556 923 datin
578 870 656 934 aere',
680 871 760 924 terra
784 864 922 940 remugit,
1051 873 1101 921 315

175 951 353 1011 Horrisonas
375 966 463 1008 voces
485 947 597 1008 clamor
620 956 649 1007 et
671 948 779 1009 horror
802 950 872 1025 agit.
919 985 924 994 -

133 1033 384 1114 Quadrupedante
407 1039 526 1112 putrem
550 1034 649 1093 sonitu
673 1033 765 1110 quatit
788 1031 896 1110 ungula
919 1046 1069 1112 campum,

175 1120 305 1180 Fortiter
327 1119 515 1198 appropiant,
540 1117 655 1193 spicula
679 1115 761 1177 mille
784 1115 892 1177 volant.

133 1205 246 1264 Dentea
269 1203 422 1264 cristatum
446 1202 607 1278 confringit
629 1201 709 1261 clava
731 1200 875 1280 galerum,
1035 1257 1038 1262 ,
1102 1254 1105 1258 ,

175 1289 297 1349 Transit
318 1305 373 1368 per
394 1285 507 1348 medias
529 1285 631 1346 lancea
655 1284 740 1364 longa
764 1284 859 1363 gulas.
1052 1295 1103 1344 330

133 1374 166 1434 ln
189 1371 260 1433 belli
283 1373 380 1452 capite
402 1368 482 1430 relat
503 1369 713 1431 invictissimus
736 1370 846 1430 Hector

176 1455 379 1536 Grajugenum
403 1455 496 1515 lortes
518 1453 720 1516 interimendo
745 1453 851 1524 duces;

132 1542 298 1602 Merionem
320 1541 484 1620 prosternit
506 1539 589 1600 humi
612 1541 791 1619 perimitque
814 1537 980 1618 Philippum

175 1625 248 1705 Ejus
271 1635 301 1686 et
322 1625 470 1704 Antippns
493 1622 611 1683 Inclitus
635 1641 704 1682 ense
728 1622 815 1683 cadit.

132 1709 276 1788 Fulgurat
296 1711 328 1768 in
352 1708 497 1788 Phrygios
520 1707 701 1767 Graecorum
725 1725 826 1766 murus
850 1705 985 1776 Achilles,
1052 1717 1103 1765 325

164 1792 370 1872 Euphorbum
393 1807 550 1870 procerem
575 1792 683 1850 sternit
705 1789 740 1850 ad
765 1806 863 1867 nsque
881 1808 994 1852 necem.

134 1878 210 1938 Ecce
233 1876 351 1956 Lycaon
375 1874 457 1934 adest
480 1873 592 1934 Troum
615 1891 675 1934 non
697 1875 816 1934 infimus
838 1873 936 1944 heros,

177 1961 272 2030 Quem
297 1958 394 2019 subito
417 1975 558 2038 prensum
583 1957 695 2018 casside
716 1957 787 2037 jecit
809 1956 899 2027 humi,

134 2045 211 2106 decit
233 2041 263 2104 et
284 2044 316 2103 in
338 2049 442 2103 ventre
466 2042 661 2120 capulotenus
684 2041 799 2104 abdidit
821 2057 931 2110 ensem,

176 2127 237 2189 Nec
260 2128 341 2188 dedit
362 2129 518 2188 horrorem
542 2127 661 2188 Troilus
683 2127 753 2187 inde
776 2125 880 2188 levem.
1052 2137 1104 2186 330

133 2215 221 2276 Parte
244 2212 352 2272 cadunt
375 2211 412 2271 ab
435 2219 560 2290 utraque
583 2214 651 2282 virI,
675 2211 712 2272 de
734 2210 820 2290 plebe
843 2214 940 2272 ruisse

175 2295 264 2358 Millia
287 2315 346 2357 non
369 2314 461 2375 pauca
485 2295 688 2357 dinumerabis
710 2294 762 2356 ihi.

133 2383 249 2444 Acriter
271 2389 431 2461 utrumque
453 2388 604 2459 pugnatur
627 2389 656 2441 et
679 2384 742 2456 ipsa
768 2388 907 2442 trecenos

152 2483 156 2493 ’
175 2465 320 2526 Narratur
343 2483 441 2544 pugna
464 2466 654 2526 continuasse
676 2464 748 2526 dles.

133 2551 208 2612 Tum
232 2568 302 2612 vcro
324 2549 460 2610 Priamus
482 2557 526 2610 tot
549 2556 651 2628 totque
673 2549 815 2612 cadavera
838 2548 949 2612 Trorim
1052 2559 1103 2608 335

174 2633 293 2694 Viribus
315 2635 456 2712 Argivum
480 2641 571 2695 strata
594 2630 695 2695 iacere
719 2634 806 2703 videt,

132 2719 279 2800 Suspendi
302 2720 376 2798 petit
398 2718 434 2779 ab
457 2721 676 2796 Agamemnone
699 2718 832 2798 pondera
855 2716 927 2779 belli

118 2823 120 2828 ’
175 2807 264 2864 Artus
288 2805 440 2864 exanimes
463 2802 655 2882 depositurus
678 2803 769 2864 humi.

200 2958 259 3007 309.
277 2969 385 3019 margo:
404 2954 471 3003 cuni
488 2969 555 3018 pers
572 2969 622 3018 pro
639 2959 713 3004 toto:
733 2955 800 3004 Hor.
821 2951 882 3018 (Ep.
901 2954 923 3014 1,
943 2955 984 3016 20,
1004 2951 1049 3016 27)

233 3023 279 3072 Me
298 3027 396 3086 qnater
412 3021 538 3072 undenos
558 3023 631 3071 solet
648 3021 806 3086 implevisse
824 3021 997 3073 Decembris.

132 3091 189 3140 312.
217 3089 328 3154 Margo:
352 3085 519 3140 Graecorum
541 3105 634 3154 pugna
652 3089 719 3152 VII,
741 3091 770 3139 in
792 3103 847 3154 qna
869 3088 975 3139 Hector
999 3089 1104 3139 occidit

48 3183 59 3202 .
132 3162 188 3208 tres
207 3157 289 3208 duces
307 3158 458 3208 Marionem
475 3157 635 3223 Philippum
654 3162 682 3207 et
694 3157 855 3222 Autippnm;
874 3161 901 3208 et
913 3155 1036 3208 Achilles
1055 3173 1101 3208 oc·

133 3225 201 3275 cidit
219 3225 285 3275 dnos
305 3225 389 3276 duces
407 3223 589 3288 Trojanornm
605 3225 736 3275 videlicet
753 3224 929 3288 Euphorbum
949 3230 977 3278 et
990 3227 1103 3289 Lyceo·

131 3308 203 3342 nem.
285 3295 343 3344 att.
363 3295 444 3344 notua
462 3291 562 3356 Virgil.
586 3292 653 3343 Aen.
672 3291 751 3352 VIII,
776 3293 834 3342 596.
861 3291 949 3356 locus,
974 3291 1101 3346 (inaltet.

131 3360 280 3411 Alexandr.
298 3361 370 3413 libro
390 3361 485 3426 quinto
503 3361 687 3413 imitationem
705 3359 804 3410 hebet:

220 3429 409 3494 'Cornipedem
427 3428 544 3493 pedibus
563 3432 671 3494 putrem
689 3427 755 3477 terit
773 3426 878 3491 ungule
896 3428 1005 3493 glebas.

46 3535 49 3547 .
132 3497 191 3546 324.
210 3497 319 3562 Margo:
339 3511 431 3562 pugne
443 3495 536 3548 XVIII
555 3495 669 3548 dierum.

185 3585 279 3630 Troilus.
884 3582 900 3631 6
