2618 3984
443 201 507 256 Lib,
526 203 562 254 11.
597 219 623 254 v.
642 205 784 262 att-602.

133 355 261 418 Obsistit
282 353 442 415 Telamone
464 365 546 417 satus
567 359 738 436 raptimque
760 364 886 420 rotatum
966 364 969 369 ’

177 445 199 502 Α
222 440 317 518 prima
340 442 434 518 puppi
457 444 585 502 sustinet
599 443 671 518 'ipse
693 459 806 520 pyram.

135 525 268 586 Sustinet
291 531 321 584 et
342 522 422 584 solus
444 523 577 585 defendit
599 523 679 584 mille
701 528 827 596 carinas,

177 607 305 687 dejectis
327 607 443 687 pridem
467 626 519 669 cor
541 615 699 670 revocatur
720 610 802 670 item.

132 693 284 772 llejloiunt
307 695 406 770 ignem
431 694 534 762 llanai,
557 692 723 755 bachantur
745 697 775 754 in
800 695 925 765 hostem,¹
1047 705 1099 756 580

176 777 300 840 Sudoris
323 779 403 838 rivos
425 777 476 837 dat
497 795 572 838 nova
595 795 695 857 pugna
717 795 819 839 novos.

132 863 226 932 immo
249 880 343 922 novus
366 879 420 940 per
442 861 574 922 membra
598 879 690 922 eruor
711 863 846 924 fluxisset
867 866 1027 944 utrimque,

104 989 106 1000 ·
174 947 320 1008 Nonnisi
342 944 504 1008 terribilem
527 945 653 1025 pelleret
675 955 739 1008 atra
761 947 852 1009 diem.

267 1121 478 1198 Puunoeuus
495 1143 544 1196 ue
562 1143 732 1199 nuoroen
751 1143 957 1200 ocounuuuu.

131 1269 197 1330 Lux
220 1259 322 1327 exorta
343 1268 424 1326 viros
446 1267 477 1327 in
499 1267 626 1346 pristina
650 1266 724 1328 bella
747 1270 883 1339 remittit,

174 1351 261 1412 Fiant
282 1349 372 1419 lituis,
396 1350 509 1411 validus
531 1349 661 1430 perculit
682 1361 760 1412 astra
784 1371 885 1414 sonus.
1045 1361 1096 1412 585
1141 1373 1145 1380 ·

131 1435 278 1499 llardanai
300 1435 451 1514 Danaique
475 1435 567 1498 duces
586 1434 766 1516 jamjamque
787 1441 999 1518 propinquant,

172 1523 196 1582 Α
219 1520 316 1600 prima
338 1520 437 1580 fronte
459 1519 518 1580 tela
541 1520 644 1580 nidere
667 1521 742 1582 vide.
1067 1527 1072 1538 ”

131 1605 322 1666 Concurrunt
343 1606 442 1673 cunei,
465 1603 618 1664 celebrant
640 1607 774 1666 convivia
797 1606 909 1676 mortis,

88 1691 92 1696 '
173 1688 283 1750 Pocula
306 1687 426 1749 Plutoni
448 1687 674 1766 sauguinolenta
696 1689 793 1756 litant.

130 1774 189 1836 En!
212 1774 323 1834 iterum
345 1771 427 1850 ierus
449 1773 560 1834 Hector
582 1773 676 1843 adest,
699 1791 754 1852 per
776 1773 861 1834 devia
884 1777 980 1855 campi
1044 1783 1096 1834 tao

173 1857 308 1934 Exagitat
331 1857 445 1918 llanaes
468 1875 540 1918 ense
562 1857 691 1918 secando
714 1866 808 1918 cutes.

131 1941 228 2004 Caede
251 1942 431 2002 Menotiades
454 1944 545 2004 nimia
568 1941 765 2003 succumbere
788 1943 894 2006 Graios
977 2009 980 2012 ,

174 2026 303 2087 Intuitus
324 2027 438 2088 medios
460 2027 556 2087 iertur
579 2029 608 2086 in
631 2025 724 2089 hostis
746 2043 844 2104 agros.

134 2110 247 2179 Caedit,
270 2128 326 2171 neo
348 2111 437 2188 cedit,
460 2109 611 2172 caedendo
635 2111 778 2172 cadavera
800 2111 892 2183 dedit,

175 2195 311 2256 Cervices
330 2193 446 2272 jugulat
467 2214 593 2274 ossaque
614 2197 711 2256 lracta
734 2205 826 2257 creat.
1044 2206 1095 2255 696
1140 2232 1142 2238 ν

133 2279 170 2340 lit
192 2280 260 2359 quia
282 2281 326 2339 vir
348 2280 433 2340 sortis
455 2282 547 2342 armis
569 2287 615 2344 est
637 2299 709 2342 usus
730 2281 859 2350 Achillis,

174 2364 236 2425 Una
260 2365 581 2444 superficies'corpora
605 2364 696 2426 multa
720 2365 812 2442 lugat.

130 2448 271 2510 Creditur
293 2467 310 2508 a
333 2449 458 2517 eunctis,
482 2465 537 2510 neo
560 2449 677 2518 mirum,
701 2449 781 2525 quod
804 2449 842 2510 sit
863 2448 1002 2520 dolrilles,

173 2530 245 2600 Quis
268 2549 328 2592 uon
352 2532 523 2602 crediderit,
547 2533 597 2593 hio
620 2534 665 2592 vir
685 2542 719 2594 ut
741 2551 822 2594 arma
846 2534 921 2595 tulit.

130 2616 250 2686 Hector,
273 2619 304 2676 in
327 2616 455 2677 induviis
478 2617 620 2697 dependit
641 2627 674 2679 ut
696 2617 744 2678 hic
767 2617 883 2688 alienis,
1043 2627 1094 2676 600

172 2700 389 2761 Subsaunativo
412 2701 544 2763 clamitat
565 2704 621 2763 ista
646 2701 752 2763 modo:

130 2783 226 2845 Nemo
248 2803 317 2845 suas
339 2785 417 2846 vices
439 2785 529 2848 debet
550 2788 773 2858 transcendere,
797 2803 885 2847 nemo

197 3021 324 3072 uto-‘ta
342 3021 524 3087 Epitorneior.
542 3037 567 3076 v.
585 3023 666 3072 802-
669 3024 686 3072 4

331 3115 365 3124 -
384 3116 415 3126 -
433 3117 465 3126 -
484 3091 557 3140 Hnio
575 3090 676 3140 validis
693 3090 806 3142 obsistit
822 3089 931 3140 viribus
947 3085 1017 3152 Ajax

197 3152 278 3204 Stans
296 3156 384 3220 prima
402 3157 431 3206 in
448 3159 543 3222 puppi,
563 3157 715 3222 clypeoque
734 3156 864 3208 incendia
882 3171 967 3209 sueva
1003 3209 1004 3219 p

198 3221 331 3286 Sustinet,
350 3229 379 3274 et
396 3224 470 3275 solus
487 3225 611 3275 defendit
627 3225 703 3275 mille
721 3227 838 3276 carinas.

130 3289 188 3340 584.
207 3285 381 3354 Epitomator
398 3291 478 3346 Iliad
491 3308 516 3344 v.
529 3295 586 3344 744.
655 3295 713 3344 686.
736 3295 766 3343 in
777 3294 913 3356 margine:
932 3296 1092 3358 pugnator·
1191 3281 1194 3285 ’

127 3357 177 3417 tia,
195 3355 224 3408 in
237 3371 291 3420 qua
304 3359 451 3410 Patroclus
464 3360 499 3411 ab
513 3361 635 3412 Hectore
647 3357 788 3416 occidutur
841 3363 900 3414 687.
919 3374 980 3427 pro:
992 3359 1095 3411 videre.

128 3426 186 3475 692.
215 3423 355 3476 Scholion·
374 3427 525 3479 Patroclus.
594 3431 653 3480 666.
684 3428 750 3479 Cod.
767 3427 899 3482 Achilles.
972 3430 1031 3482 601.
1059 3443 1094 3478 ex
1154 3437 1158 3442 ’

128 3495 254 3558 margine
271 3507 335 3557 pro:
354 3495 534 3546 subsannato.
