2616 3980
446 214 507 264 niu.
526 215 548 264 1.
584 229 609 264 v.
630 216 772 265 rso-sae.
1054 211 1093 275 lt
1154 210 1158 220 '

122 367 246 429 Addidit
269 377 298 428 et
319 366 432 428 vultum
456 365 565 435 verbis,
589 369 757 445 iterumque
779 369 903 444 rogasit,

147 453 231 513 ·lret
251 458 284 513 nt
306 451 341 511 ad
364 453 477 530 patrios
499 458 583 531 rapta
606 450 704 529 puella
728 450 809 512 deos.
917 483 922 489 ·
1045 459 1094 509 190

123 537 301 598 Auscultans
323 536 430 596 Peleus
452 535 614 614 levipendis
635 536 725 596 verba
748 535 906 615 loquentis,
962 549 965 556 ·

168 620 206 681 Et
228 633 365 681 sermone
387 620 471 681 hreri
495 621 594 699 coepit
616 627 646 680 et
667 623 732 699 ipse
753 618 845 696 loqui.

123 702 202 775 Quid
225 723 315 783 super
337 704 493 784 Hesyonae
517 723 595 766 nunc
618 704 785 765 redditione
808 703 934 773 solutae,

170 788 249 850 llaec
273 790 369 850 estin
393 797 496 850 nostro
518 794 641 868 pectore
663 807 735 850 cura
758 791 866 848 minor.

123 873 159 934 ln
181 876 307 953 patriam
330 881 444 953 petere,
468 882 644 953 nostrasque
667 873 838 953 relinquere
860 872 955 942 sedes,
1044 882 1092 932 195
1127 929 1131 940 ,

169 957 285 1028 Dicere,
309 957 388 1034 quod
412 959 500 1018 cessit
520 959 578 1018 ista
601 956 731 1036 querela,
755 965 849 1034 potes.

123 1041 178 1102 Est
200 1041 286 1102 tellus
309 1050 338 1103 et
361 1040 438 1102 dicta
462 1043 572 1111 Boetia,
597 1061 673 1121 quae
696 1039 873 1102 Salaminam

168 1126 321 1196 Continet;
343 1125 476 1186 Antenor
499 1125 575 1186 hanc
599 1134 628 1186 et
650 1127 732 1189 adire
755 1127 861 1188 studet.

123 1209 179 1270 llic
202 1209 373 1270 Telamonis
394 1217 458 1271 erat
480 1211 632 1286 habitatio,
656 1213 773 1291 quaerit
795 1210 937 1280 eundem;

166 1293 298 1362 lnveuit;
322 1295 442 1355 invento
466 1297 509 1355 sic
532 1295 710 1372 querulosus
733 1298 787 1355 ait:
1040 1305 1092 1354 200

120 1377 150 1439 0
174 1378 331 1439 Telamon!
354 1396 425 1440 reor
449 1397 514 1440 esse
537 1380 627 1449 netas,
651 1380 730 1458 quod
753 1379 811 1440 filia
834 1382 916 1458 regis

167 1461 229 1522 Hac
253 1465 341 1539 quasi
359 1465 473 1543 captiva
496 1464 664 1524 detineatur
686 1465 788 1527 humo.

122 1545 332 1608 O'lelamon!
355 1550 420 1626 regi
442 1547 597 1627 spoliatam
620 1549 711 1609 redde
736 1566 879 1615 sororem,
993 1591 996 1598 ·

168 1630 303 1693 lledecus
325 1631 382 1692 lroc
404 1634 531 1712 spolium
555 1632 744 1694 dissimulare
768 1634 881 1695 ducem.

122 1714 149 1776 0
172 1713 327 1777 Telamon!
350 1718 427 1779 iuste
448 1717 629 1778 reddendam
653 1718 746 1779 redde
767 1716 907 1797 puellam,
1040 1727 1091 1778 205

166 1798 231 1861 Non
255 1809 299 1861 est
320 1803 430 1863 iniusta
453 1802 561 1881 praeda
586 1801 713 1863 tenenda
736 1802 799 1863 tibi.

123 1883 280 1963 Extemplo
304 1885 391 1946 miles
412 1887 567 1965 respondit
589 1886 625 1946 ad
649 1886 726 1946 istud
752 1893 780 1946 et
801 1886 880 1946 istis:

167 1968 254 2029 Esset
277 1969 313 2030 ad
336 1970 402 2040 hoc,
426 1972 526 2031 oriri
549 1970 708 2032 obticuisse
731 1970 836 2048 pudor.

122 2054 268 2114 Antenor!
293 2056 362 2133 quia
384 2054 442 2116 lilia
466 2057 546 2133 regis
569 2055 696 2116 habetur
719 2055 797 2132 apud
820 2074 885 2125 nos,

165 2137 204 2198 Ut
225 2149 296 2216 pote
317 2140 457 2209 victores,
480 2157 540 2201 nou
563 2157 632 2201 reor
654 2158 718 2200 esse
741 2139 832 2200 ueias.
1040 2149 1091 2199 210

121 2223 268 2284 Antenori
291 2226 317 2284 si
340 2223 506 2285 dissimulet
527 2243 589 2294 rex,
613 2242 707 2285 necne
730 2224 859 2304 puellam

164 2307 223 2368 Pro
246 2310 354 2370 virtute
377 2325 443 2369 mea
466 2308 593 2370 reddere
616 2307 684 2369 nolo
707 2309 814 2369 datam.

122 2390 269 2452 Antenori
291 2394 368 2454 iuste
389 2392 561 2473 praedatam
584 2393 697 2471 praedo
718 2392 846 2462 tenebit;

130 2549 136 2554 Ι
165 2475 238 2537 Tam
262 2476 339 2538 bona
363 2485 535 2538 constanter
557 2477 666 2556 praeda
690 2478 817 2538 tenenda
840 2478 906 2538 luit.

122 2559 202 2638 Ergo
225 2559 305 2628 redi;
330 2562 450 2623 rediens
472 2562 510 2622 de
532 2561 642 2622 linibus
665 2580 740 2623 erue
764 2563 892 2628 uostris;
1038 2571 1088 2621 215

165 2643 231 2704 Non
254 2644 344 2706 habet
366 2647 512 2716 ellectum,
536 2645 617 2725 quod
639 2648 735 2723 geris;
760 2663 832 2724 ergo
855 2637 928 2706 rent

123 2727 244 2800 Quaerit
265 2728 417 2790 Pollucem
440 2749 508 2792 cum
532 2730 667 2792 Castore:
691 2732 819 2811 deinque
840 2737 980 2810 precatur

165 2811 337 2894 Hesyonem
360 2814 444 2876 reddi
467 2815 649 2892 proficiendo
672 2815 756 2876 nihil.

124 2894 162 2956 Ut
183 2905 272 2974 rapta·
289 2905 448 2968 taceamus,
471 2902 522 2969 ait,
547 2899 584 2960 de
606 2901 735 2978 virgine;
759 2907 861 2961 nostra

165 2981 279 3061 Oppida
302 2984 441 3062 fregistis,
464 2985 627 3064 diripuistis
650 3004 732 3065 epea,
1037 2993 1089 3044 220

122 3064 247 3127 Causam
270 3085 329 3128 nou
353 3069 456 3130 hahuit
477 3070 586 3150 iniuria
608 3079 699 3139 tanta,
723 3067 850 3149 puellam

163 3151 298 3222 Reddite,
321 3171 374 3214 rex
397 3152 523 3232 reliqua,
547 3157 606 3216 sint
628 3155 711 3233 quasi
737 3153 827 3224 nulla,
850 3153 926 3213 silet.

121 3234 270 3315 lprocul,
294 3233 314 3307 i,
339 3237 458 3310 dicunt;
481 3257 540 3301 uon
565 3247 609 3300 est
631 3239 685 3299 tibi
706 3237 777 3299 tibia
800 3238 883 3307 tanti,

121 3369 324 3382 ——u———s

189 3440 249 3492 217.
266 3439 335 3490 Msc.
354 3417 497 3506 perperam
515 3441 649 3504 Nestore,
674 3456 755 3509 quum
774 3441 898 3490 Antenor
915 3457 941 3495 v.
959 3442 1009 3493 233
1028 3457 1087 3508 sqq.

121 3503 266 3556 Nestorem
285 3508 455 3572 aggreditur.
491 3509 582 3560 Dares
599 3514 677 3559 recte
696 3509 780 3559 hebet
798 3506 904 3559 Castor.

172 3594 263 3638 Troilus.
866 3593 883 3642 2
