2618 3984
421 203 485 254 nro.
504 203 551 255 1v.
576 219 602 257 v.
621 205 765 255 erc-err.
1016 201 1078 266 113

120 353 122 360 '
154 356 305 428 Vulnerat,
329 357 473 419 Aeacides
495 359 615 418 saucius
637 355 707 416 inde
729 362 819 417 meat.

109 445 282 522 Insequitur
304 441 443 502 Memnon
465 459 532 501 curn
556 439 693 510 Troiiam,
717 443 775 502 iste
795 441 918 509 resistit,

154 528 191 588 Et
212 543 351 605 pugnarn,
375 529 508 605 quamvis
531 527 649 585 saueius
672 523 759 593 ess'et,
783 525 852 594 loll:

108 611 170 674 Sed
194 610 373 672 custodierat
388 614 479 690 ‘prins
502 608 550 669 ille
573 609 712 687 ligamine
734 608 849 679 vulnus,

154 696 199 757 Ne
217 703 338 775 pareret
358 695 473 774 lapsum
495 695 649 771 sanguinis
670 693 749 755 unda
773 694 893 773 pedum.
1028 702 1080 752 350

110 781 178 843 Non
200 779 268 842 tulit
290 781 432 841 Aeacides
454 777 597 839 insultum
619 779 785 840 Memnonis
808 797 907 841 acrem
1073 800 1076 807 ·

155 867 304 944 Impetum
327 874 357 924 et
378 863 468 924 multa
492 863 582 924 caede
605 861 716 924 rubere
738 864 817 924 lacit.

111 950 174 1010 Nec
199 951 295 1010 tenuit
317 947 447 1027 gladium
469 946 595 1016 Pelides,
620 948 715 1009 donec
736 949 772 1009 ad
796 966 897 1009 amnes

153 1032 241 1095 Illum
263 1033 395 1094 deferret
416 1030 538 1092 vulnere
561 1033 645 1111 plaga
669 1032 784 1111 Stygos

109 1120 177 1180 Non
201 1136 302 1196 regern
327 1116 412 1178 miles
434 1119 556 1196 impune
580 1118 749 1196 perimeret,
773 1119 870 1196 ipsum
1028 1125 1080 1174 355

154 1203 283 1279 Contigit
306 1221 323 1262 a
345 1201 423 1262 bello
446 1199 566 1263 vulnera
589 1201 669 1263 Ierre
692 1201 761 1262 duo.

108 1288 217 1349 Occiso
239 1304 310 1364 rege
332 1286 491 1347 Persarum
516 1286 638 1347 brachia
660 1291 781 1366 torpent

153 1370 275 1441 Troum,
299 1367 471 1451 procedunt.
487 1372 609 1448 segnius
631 1389 701 1432 arva
724 1371 843 1432 ducum.

107 1457 177 1517 laur
200 1454 336 1532 titubant,
356 1454 417 1534 J'am
440 1463 524 1532 terga
546 1454 656 1516 dabunt
677 1453 807 1534 palantia
830 1454 947 1524 Teucri,

152 1541 320 1601 Memnonis
343 1548 371 1600 et
392 1540 484 1601 Troili
507 1557 589 1600 mors
612 1541 691 1601 venit
714 1558 813 1617 ungue
837 1541 925 1600 truci.
1026 1547 1079 1596 360

112 1625 259 1703 Pergama
281 1625 459 1704 praeprites
482 1622 619 1694 subeunt,
643 1633 673 1685 et
695 1626 813 1685 moenia
836 1621 985 1693 claudunt,

57 1739 62 1744 ·
152 1709 254 1786 Pugna
277 1709 348 1772 lacit
368 1713 458 1772 finem
482 1715 570 1770 nocte
591 1709 713 1786 lugente
737 1709 826 1770 diem.

274 1855 359 1926 [PAX
376 1853 520 1910 DECIMA
538 1853 719 1909 TRIGINTA
737 1853 923 1924 DIERUM]t

110 1963 174 2025 Rex
196 1961 394 2040 Troianorum
417 1963 546 2040 spetlum
569 1962 689 2038 triginta
714 1959 831 2020 dierum

152 2045 287 2108 Postulat
310 2065 325 2106 o
349 2046 462 2107 Graeco
484 2047 567 2125 pacis
589 2044 700 2105 habere
722 2053 842 2106 statum.

111 2132 224 2195 Annuit
247 2141 277 2191 et
299 2129 432 2191 Troilum
455 2149 523 2192 oum
545 2131 701 2191 Memnone
724 2129 815 2191 Troia
838 2138 976 2192 venustos
1023 2139 1075 2188 365

153 2214 285 2278 Collocat
308 2217 340 2275 in
363 2214 501 2284 tumulos,
524 2214 622 2275 lIendo
645 2223 745 2276 secuta
769 2217 859 2276 viros.
919 2232 921 2235 ·

110 2299 233 2362 Hecuba
256 2317 311 2378 pro
334 2298 435 2360 Troilo
459 2299 579 2360 deducit
601 2307 631 2360 et
652 2299 781 2361 Hectore
803 2297 966 2378 planetum,

154 2384 260 2462 Irrigat
282 2385 429 2461 ingenuas
450 2384 572 2445 lacrima
595 2392 707 2444 moesta
731 2402 832 2460 genas.

109 2467 261 2531 Pulmonis
283 2467 394 2546 rigidas
417 2469 528 2546 agitant
549 2468 677 2546 suspirIa
700 2467 799 2538 cellas,
825 2517 842 2536 .,
961 2536 965 2559 Ι

152 2554 252 2614 Allicit
272 2553 399 2613 interlor
421 2553 503 2614 arida
526 2552 616 2613 corda
640 2552 733 2613 dolor.
1030 2563 1083 2618 3⁷0

109 2636 233 2700 Frendit
255 2638 284 2698 in
308 2635 463 2698 Aeacidem
486 2635 598 2698 calcata
620 2637 735 2697 saevius
756 2635 851 2716 hydra

153 2714 374 2784 ntri'rancons
398 2730 496 2782 mente
520 2739 632 2782 venena
655 2738 774 2796 gerens.

110 2807 148 2867 Et
170 2807 241 2887 qula
264 2807 292 2865 vi
314 2824 457 2884 superare
480 2809 577 2867 virum
602 2804 738 2866 diffidere
761 2807 823 2867 visa

152 2891 214 2960 Est,
239 2890 349 2951 cacabo
372 2890 473 2952 cordis
496 2891 634 2968 decoquit
657 2889 706 2950 illa
730 2890 838 2951 dolurn.

178 3162 236 3212 346.
272 3159 383 3225 Margo:
418 3159 540 3210 Achilles
568 3177 585 3210 e
611 3160 755 3210 Memnone
778 3159 946 3210 vulneretur.
1017 3163 1077 3212 353.

108 3229 218 3294 Margo:
242 3227 372 3279 Memnon
391 3228 527 3279 occiditur
549 3228 584 3278 eb
603 3227 721 3280 Achille.
790 3229 848 3281 363.
875 3226 985 3292 Margo:
1016 3229 1076 3279 Pax

109 3295 145 3346 X.
165 3296 283 3360 triginta
296 3294 400 3347 dierum
419 3296 534 3346 ethaeo
552 3300 612 3346 eret
629 3312 685 3361 pax
703 3294 801 3345 ultima
813 3295 893 3345 etita
905 3295 1078 3362 interpolata

107 3365 181 3413 inter
199 3378 247 3414 eos
265 3363 356 3414 fueret
372 3379 429 3428 pax
447 3364 508 3414 VH.
527 3364 607 3414 annis
627 3367 655 3413 et
673 3363 769 3414 decern
787 3362 937 3414 mensibus.

112 3499 152 3550 rb
170 3429 206 3512 J)
233 3432 432 3497 Inscriptionee
456 3430 637 3496 capitulorum
661 3429 806 3497 suppletae
830 3445 915 3498 usquo
939 3431 974 3483 ad
991 3429 1076 3482 tinem

125 3514 189 3552 ιη.

162 3586 256 3630 Troilus.
861 3587 877 3637 8
