<?xml version="1.0" encoding="UTF-8"?>
<!DOCTYPE html PUBLIC "-//W3C//DTD XHTML 1.0 Transitional//EN"
    "http://www.w3.org/TR/xhtml1/DTD/xhtml1-transitional.dtd">
<html xmlns="http://www.w3.org/1999/xhtml" xml:lang="en" lang="en">
 <head>
  <title>
</title>
<meta http-equiv="Content-Type" content="text/html;charset=utf-8" />
  <meta name='ocr-system' content='tesseract 3.04.00' />
  <meta name='ocr-capabilities' content='ocr_page ocr_carea ocr_par ocr_line ocrx_word'/>
</head>
<body>
  <div class='ocr_page' id='page_1' title='image "./troilusalbertis00albegoog_0114.png"; bbox 0 0 2618 3984; ppageno 0'>
   <div class='ocr_carea' id='block_1_1' title="bbox 450 207 1113 272">
    <p class='ocr_par' dir='ltr' id='par_1_1' title="bbox 450 207 1113 272">
     <span class='ocr_line' id='line_1_1' title="bbox 450 207 1113 272; baseline 0.02 -12"><span class='ocrx_word' id='word_1_1' title='bbox 450 211 513 264; x_wconf 74' lang='lat' dir='ltr'><strong>nan.</strong></span> <span class='ocrx_word' id='word_1_2' title='bbox 530 209 581 266; x_wconf 83' lang='lat'>111.</span> <span class='ocrx_word' id='word_1_3' title='bbox 616 227 643 260; x_wconf 84' lang='lat' dir='ltr'><strong>v.</strong></span> <span class='ocrx_word' id='word_1_4' title='bbox 661 212 804 266; x_wconf 77' lang='lat' dir='ltr'><strong>roa-no.</strong></span> <span class='ocrx_word' id='word_1_5' title='bbox 1071 207 1113 272; x_wconf 88' lang='lat'><strong>95</strong></span> 
     </span>
    </p>
   </div>
   <div class='ocr_carea' id='block_1_2' title="bbox 250 355 1004 472">
    <p class='ocr_par' dir='ltr' id='par_1_2' title="bbox 250 355 1004 472">
     <span class='ocr_line' id='line_1_2' title="bbox 250 355 1004 472; baseline 0 -26"><span class='ocrx_word' id='word_1_6' title='bbox 250 393 312 448; x_wconf 82' lang='lat' dir='ltr'><strong>uro</strong></span> <span class='ocrx_word' id='word_1_7' title='bbox 331 355 471 446; x_wconf 76' lang='lat' dir='ltr'><strong>norrun</strong></span> <span class='ocrx_word' id='word_1_8' title='bbox 489 389 797 472; x_wconf 76' lang='lat' dir='ltr'><strong>Aunrvunsnmmn</strong></span> <span class='ocrx_word' id='word_1_9' title='bbox 815 389 1004 446; x_wconf 73' lang='lat' dir='ltr'><strong>unornane,</strong></span> 
     </span>
    </p>
   </div>
   <div class='ocr_carea' id='block_1_3' title="bbox 143 495 1115 2598">
    <p class='ocr_par' dir='ltr' id='par_1_3' title="bbox 143 495 1115 2598">
     <span class='ocr_line' id='line_1_3' title="bbox 144 495 1113 569; baseline -0.006 -7"><span class='ocrx_word' id='word_1_10' title='bbox 144 501 206 563; x_wconf 84' lang='lat' dir='ltr'><strong>Pax</strong></span> <span class='ocrx_word' id='word_1_11' title='bbox 229 509 294 562; x_wconf 93' lang='lat' dir='ltr'><strong>erat</strong></span> <span class='ocrx_word' id='word_1_12' title='bbox 317 504 345 558; x_wconf 88' lang='lat' dir='ltr'><strong>et</strong></span> <span class='ocrx_word' id='word_1_13' title='bbox 367 495 469 558; x_wconf 88' lang='lat' dir='ltr'><strong>retulit</strong></span> <span class='ocrx_word' id='word_1_14' title='bbox 490 499 561 557; x_wconf 91' lang='lat' dir='ltr'><strong>anni</strong></span> <span class='ocrx_word' id='word_1_15' title='bbox 583 497 728 557; x_wconf 80' lang='lat' dir='ltr'>revolutio</span> <span class='ocrx_word' id='word_1_16' title='bbox 750 500 876 569; x_wconf 79' lang='lat' dir='ltr'><strong>tristem,</strong></span> <span class='ocrx_word' id='word_1_17' title='bbox 1062 507 1113 556; x_wconf 79' lang='lat'><strong>705</strong></span> 
     </span>
     <span class='ocr_line' id='line_1_4' title="bbox 188 581 898 660; baseline -0.003 -14"><span class='ocrx_word' id='word_1_18' title='bbox 188 585 297 646; x_wconf 79' lang='lat' dir='ltr'><strong>Hector</strong></span> <span class='ocrx_word' id='word_1_19' title='bbox 318 583 502 660; x_wconf 79' lang='lat' dir='ltr'><strong>Avernigera</strong></span> <span class='ocrx_word' id='word_1_20' title='bbox 525 599 582 660; x_wconf 93' lang='lat' dir='ltr'><strong>quo</strong></span> <span class='ocrx_word' id='word_1_21' title='bbox 606 581 674 643; x_wconf 91' lang='lat' dir='ltr'><strong>tulit</strong></span> <span class='ocrx_word' id='word_1_22' title='bbox 696 600 787 653; x_wconf 90' lang='lat' dir='ltr'><strong>arma,</strong></span> <span class='ocrx_word' id='word_1_23' title='bbox 811 582 898 648; x_wconf 89' lang='lat' dir='ltr'><strong>diem.</strong></span> 
     </span>
     <span class='ocr_line' id='line_1_5' title="bbox 143 665 1019 747; baseline -0.006 -16"><span class='ocrx_word' id='word_1_24' title='bbox 143 669 267 731; x_wconf 86' lang='lat' dir='ltr'><strong>Hecuba</strong></span> <span class='ocrx_word' id='word_1_25' title='bbox 290 685 357 728; x_wconf 92' lang='lat' dir='ltr'><strong>cum</strong></span> <span class='ocrx_word' id='word_1_26' title='bbox 379 667 497 726; x_wconf 79' lang='lat' dir='ltr'>Priamo</span> <span class='ocrx_word' id='word_1_27' title='bbox 521 665 728 743; x_wconf 86' lang='lat' dir='ltr'><strong>tumulumque</strong></span> <span class='ocrx_word' id='word_1_28' title='bbox 749 665 899 747; x_wconf 81' lang='lat' dir='ltr'>Polyxena</span> <span class='ocrx_word' id='word_1_29' title='bbox 922 667 1019 727; x_wconf 81' lang='lat' dir='ltr'><strong>visunt</strong></span> 
     </span>
     <span class='ocr_line' id='line_1_6' title="bbox 188 749 889 822; baseline -0.009 -5"><span class='ocrx_word' id='word_1_30' title='bbox 188 757 228 817; x_wconf 90' lang='lat' dir='ltr'><strong>Ut</strong></span> <span class='ocrx_word' id='word_1_31' title='bbox 249 751 402 814; x_wconf 87' lang='lat' dir='ltr'><strong>celebrent</strong></span> <span class='ocrx_word' id='word_1_32' title='bbox 424 767 544 810; x_wconf 88' lang='lat' dir='ltr'><strong>carmen</strong></span> <span class='ocrx_word' id='word_1_33' title='bbox 567 749 693 812; x_wconf 80' lang='lat' dir='ltr'><strong>funebre</strong></span> <span class='ocrx_word' id='word_1_34' title='bbox 714 769 796 811; x_wconf 90' lang='lat' dir='ltr'><strong>more</strong></span> <span class='ocrx_word' id='word_1_35' title='bbox 818 770 889 822; x_wconf 91' lang='lat' dir='ltr'><strong>suo;</strong></span> 
     </span>
     <span class='ocr_line' id='line_1_7' title="bbox 144 834 775 917; baseline -0.008 -16"><span class='ocrx_word' id='word_1_36' title='bbox 144 840 181 901; x_wconf 86' lang='lat' dir='ltr'><strong>Et</strong></span> <span class='ocrx_word' id='word_1_37' title='bbox 203 837 404 917; x_wconf 81' lang='lat' dir='ltr'><strong>Trojanorum</strong></span> <span class='ocrx_word' id='word_1_38' title='bbox 427 834 611 912; x_wconf 90' lang='lat' dir='ltr'><strong>potiores-in</strong></span> <span class='ocrx_word' id='word_1_39' title='bbox 635 837 775 897; x_wconf 89' lang='lat' dir='ltr'><strong>comitatu</strong></span> 
     </span>
     <span class='ocr_line' id='line_1_8' title="bbox 187 917 1113 984; baseline -0.008 0"><span class='ocrx_word' id='word_1_40' title='bbox 187 925 263 984; x_wconf 90' lang='lat' dir='ltr'><strong>Sunt</strong></span> <span class='ocrx_word' id='word_1_41' title='bbox 285 923 374 981; x_wconf 91' lang='lat' dir='ltr'><strong>etiam</strong></span> <span class='ocrx_word' id='word_1_42' title='bbox 397 918 465 980; x_wconf 85' lang='lat' dir='ltr'><strong>talis</strong></span> <span class='ocrx_word' id='word_1_43' title='bbox 488 917 592 980; x_wconf 89' lang='lat' dir='ltr'><strong>lunera</strong></span> <span class='ocrx_word' id='word_1_44' title='bbox 615 920 688 981; x_wconf 82' lang='lat' dir='ltr'><strong>llere</strong></span> <span class='ocrx_word' id='word_1_45' title='bbox 712 922 779 981; x_wconf 91' lang='lat' dir='ltr'><strong>viri.</strong></span> <span class='ocrx_word' id='word_1_46' title='bbox 1064 929 1113 978; x_wconf 82' lang='grc'><strong>710</strong></span> 
     </span>
     <span class='ocr_line' id='line_1_9' title="bbox 145 1003 943 1083; baseline -0.008 -13"><span class='ocrx_word' id='word_1_47' title='bbox 145 1009 327 1071; x_wconf 86' lang='lat' dir='ltr'><strong>Graecorum</strong></span> <span class='ocrx_word' id='word_1_48' title='bbox 348 1004 473 1083; x_wconf 86' lang='lat' dir='ltr'><strong>juvenes</strong></span> <span class='ocrx_word' id='word_1_49' title='bbox 495 1011 667 1070; x_wconf 87' lang='lat' dir='ltr'><strong>accurrunt,</strong></span> <span class='ocrx_word' id='word_1_50' title='bbox 692 1003 740 1065; x_wconf 87' lang='lat' dir='ltr'><strong>his</strong></span> <span class='ocrx_word' id='word_1_51' title='bbox 763 1012 793 1064; x_wconf 94' lang='lat' dir='ltr'><strong>et</strong></span> <span class='ocrx_word' id='word_1_52' title='bbox 815 1003 943 1065; x_wconf 86' lang='lat' dir='ltr'><strong>Achilles</strong></span> 
     </span>
     <span class='ocr_line' id='line_1_10' title="bbox 187 1088 796 1166; baseline -0.008 -13"><span class='ocrx_word' id='word_1_53' title='bbox 187 1091 349 1158; x_wconf 82' lang='lat' dir='ltr'><strong>Intendens</strong></span> <span class='ocrx_word' id='word_1_54' title='bbox 372 1088 468 1149; x_wconf 91' lang='lat' dir='ltr'><strong>oculis</strong></span> <span class='ocrx_word' id='word_1_55' title='bbox 490 1106 562 1148; x_wconf 85' lang='lat' dir='ltr'><strong>vana</strong></span> <span class='ocrx_word' id='word_1_56' title='bbox 585 1088 685 1149; x_wconf 88' lang='lat' dir='ltr'><strong>videre</strong></span> <span class='ocrx_word' id='word_1_57' title='bbox 707 1090 796 1166; x_wconf 77' lang='lat' dir='ltr'><strong>vagia.</strong></span> 
     </span>
     <span class='ocr_line' id='line_1_11' title="bbox 147 1171 974 1257; baseline -0.007 -19"><span class='ocrx_word' id='word_1_58' title='bbox 147 1176 289 1257; x_wconf 80' lang='lat' dir='ltr'>Corporis</span> <span class='ocrx_word' id='word_1_59' title='bbox 311 1181 355 1234; x_wconf 89' lang='lat' dir='ltr'><strong>est</strong></span> <span class='ocrx_word' id='word_1_60' title='bbox 378 1173 481 1233; x_wconf 86' lang='lat' dir='ltr'><strong>oculus</strong></span> <span class='ocrx_word' id='word_1_61' title='bbox 503 1171 580 1242; x_wconf 89' lang='lat' dir='ltr'><strong>talis,</strong></span> <span class='ocrx_word' id='word_1_62' title='bbox 603 1172 682 1251; x_wconf 90' lang='lat' dir='ltr'><strong>quod</strong></span> <span class='ocrx_word' id='word_1_63' title='bbox 705 1175 814 1234; x_wconf 89' lang='lat' dir='ltr'><strong>mentis</strong></span> <span class='ocrx_word' id='word_1_64' title='bbox 836 1172 974 1242; x_wconf 78' lang='lat' dir='ltr'><strong>ocellum,</strong></span> 
     </span>
     <span class='ocr_line' id='line_1_12' title="bbox 186 1255 817 1322; baseline -0.005 -1"><span class='ocrx_word' id='word_1_65' title='bbox 186 1262 223 1322; x_wconf 88' lang='lat' dir='ltr'><strong>Ni</strong></span> <span class='ocrx_word' id='word_1_66' title='bbox 246 1260 323 1320; x_wconf 88' lang='lat' dir='ltr'><strong>bene</strong></span> <span class='ocrx_word' id='word_1_67' title='bbox 345 1275 376 1316; x_wconf 89' lang='lat' dir='ltr'><strong>se</strong></span> <span class='ocrx_word' id='word_1_68' title='bbox 400 1256 526 1322; x_wconf 87' lang='lat' dir='ltr'><strong>claudat.</strong></span> <span class='ocrx_word' id='word_1_69' title='bbox 552 1255 709 1318; x_wconf 84' lang='lat' dir='ltr'><strong>exoculare</strong></span> <span class='ocrx_word' id='word_1_70' title='bbox 732 1257 817 1318; x_wconf 84' lang='lat' dir='ltr'><strong>solet.</strong></span> 
     </span>
     <span class='ocr_line' id='line_1_13' title="bbox 145 1341 1113 1422; baseline -0.007 -16"><span class='ocrx_word' id='word_1_71' title='bbox 145 1347 194 1406; x_wconf 85' lang='lat' dir='ltr'><strong>Sic</strong></span> <span class='ocrx_word' id='word_1_72' title='bbox 217 1361 269 1404; x_wconf 91' lang='lat' dir='ltr'><strong>cor</strong></span> <span class='ocrx_word' id='word_1_73' title='bbox 291 1359 453 1422; x_wconf 89' lang='lat' dir='ltr'><strong>corporeus</strong></span> <span class='ocrx_word' id='word_1_74' title='bbox 474 1341 592 1403; x_wconf 84' lang='lat' dir='ltr'><strong>Pelidae</strong></span> <span class='ocrx_word' id='word_1_75' title='bbox 615 1350 716 1403; x_wconf 86' lang='lat' dir='ltr'><strong>caecat</strong></span> <span class='ocrx_word' id='word_1_76' title='bbox 737 1343 859 1412; x_wconf 90' lang='lat' dir='ltr'><strong>ocellus,</strong></span> <span class='ocrx_word' id='word_1_77' title='bbox 1064 1351 1113 1400; x_wconf 74' lang='lat'><strong>715</strong></span> 
     </span>
     <span class='ocr_line' id='line_1_14' title="bbox 187 1424 828 1507; baseline -0.006 -16"><span class='ocrx_word' id='word_1_78' title='bbox 187 1431 226 1491; x_wconf 90' lang='lat' dir='ltr'><strong>Ut</strong></span> <span class='ocrx_word' id='word_1_79' title='bbox 247 1429 341 1488; x_wconf 81' lang='lat' dir='ltr'><strong>visum</strong></span> <span class='ocrx_word' id='word_1_80' title='bbox 365 1427 470 1507; x_wconf 88' lang='lat' dir='ltr'><strong>perdat</strong></span> <span class='ocrx_word' id='word_1_81' title='bbox 491 1443 576 1487; x_wconf 86' lang='lat' dir='ltr'><strong>mens</strong></span> <span class='ocrx_word' id='word_1_82' title='bbox 598 1424 713 1487; x_wconf 88' lang='lat' dir='ltr'><strong>oculata</strong></span> <span class='ocrx_word' id='word_1_83' title='bbox 737 1429 828 1506; x_wconf 80' lang='lat' dir='ltr'><strong>prius,</strong></span> 
     </span>
     <span class='ocr_line' id='line_1_15' title="bbox 146 1508 826 1592; baseline -0.006 -16"><span class='ocrx_word' id='word_1_84' title='bbox 146 1514 236 1592; x_wconf 84' lang='lat' dir='ltr'><strong>Cujus</strong></span> <span class='ocrx_word' id='word_1_85' title='bbox 259 1512 372 1572; x_wconf 88' lang='lat' dir='ltr'><strong>tiresiat</strong></span> <span class='ocrx_word' id='word_1_86' title='bbox 394 1513 437 1572; x_wconf 89' lang='lat' dir='ltr'><strong>sic</strong></span> <span class='ocrx_word' id='word_1_87' title='bbox 459 1511 518 1571; x_wconf 83' lang='lat' dir='ltr'><strong>visa</strong></span> <span class='ocrx_word' id='word_1_88' title='bbox 543 1508 690 1590; x_wconf 82' lang='lat' dir='ltr'><strong>Polyxena</strong></span> <span class='ocrx_word' id='word_1_89' title='bbox 713 1518 826 1589; x_wconf 88' lang='lat' dir='ltr'><strong>pectus,</strong></span> 
     </span>
     <span class='ocr_line' id='line_1_16' title="bbox 187 1597 867 1673; baseline -0.004 -15"><span class='ocrx_word' id='word_1_90' title='bbox 187 1597 331 1658; x_wconf 83' lang='lat' dir='ltr'><strong>Transeat</strong></span> <span class='ocrx_word' id='word_1_91' title='bbox 353 1603 386 1657; x_wconf 90' lang='lat' dir='ltr'><strong>ut</strong></span> <span class='ocrx_word' id='word_1_92' title='bbox 408 1613 496 1656; x_wconf 87' lang='lat' dir='ltr'><strong>caeca</strong></span> <span class='ocrx_word' id='word_1_93' title='bbox 519 1603 655 1673; x_wconf 87' lang='lat' dir='ltr'><strong>tempora</strong></span> <span class='ocrx_word' id='word_1_94' title='bbox 677 1604 777 1656; x_wconf 91' lang='lat' dir='ltr'><strong>mente</strong></span> <span class='ocrx_word' id='word_1_95' title='bbox 799 1597 867 1657; x_wconf 91' lang='lat' dir='ltr'><strong>tria.</strong></span> 
     </span>
     <span class='ocr_line' id='line_1_17' title="bbox 147 1679 917 1758; baseline -0.003 -16"><span class='ocrx_word' id='word_1_96' title='bbox 147 1682 205 1752; x_wconf 83' lang='lat' dir='ltr'><strong>Oui</strong></span> <span class='ocrx_word' id='word_1_97' title='bbox 228 1683 339 1741; x_wconf 87' lang='lat' dir='ltr'><strong>totiens</strong></span> <span class='ocrx_word' id='word_1_98' title='bbox 360 1680 467 1746; x_wconf 90' lang='lat' dir='ltr'><strong>socios,</strong></span> <span class='ocrx_word' id='word_1_99' title='bbox 490 1682 600 1739; x_wconf 84' lang='lat' dir='ltr'><strong>totiens</strong></span> <span class='ocrx_word' id='word_1_100' title='bbox 622 1679 787 1758; x_wconf 84' lang='lat' dir='ltr'><strong>perterruit</strong></span> <span class='ocrx_word' id='word_1_101' title='bbox 807 1680 917 1751; x_wconf 76' lang='lat' dir='ltr'><strong>hoster,</strong></span> 
     </span>
     <span class='ocr_line' id='line_1_18' title="bbox 190 1762 1115 1841; baseline -0.002 -17"><span class='ocrx_word' id='word_1_102' title='bbox 190 1766 282 1825; x_wconf 86' lang='lat' dir='ltr'><strong>laetat</strong></span> <span class='ocrx_word' id='word_1_103' title='bbox 303 1762 359 1822; x_wconf 87' lang='lat' dir='ltr'><strong>sub</strong></span> <span class='ocrx_word' id='word_1_104' title='bbox 382 1770 505 1822; x_wconf 84' lang='lat' dir='ltr'><strong>teneros</strong></span> <span class='ocrx_word' id='word_1_105' title='bbox 526 1765 614 1823; x_wconf 88' lang='lat' dir='ltr'><strong>unica</strong></span> <span class='ocrx_word' id='word_1_106' title='bbox 637 1764 721 1841; x_wconf 86' lang='lat' dir='ltr'><strong>virgo</strong></span> <span class='ocrx_word' id='word_1_107' title='bbox 743 1763 844 1841; x_wconf 81' lang='lat' dir='ltr'><strong>pedes,</strong></span> <span class='ocrx_word' id='word_1_108' title='bbox 1064 1773 1115 1822; x_wconf 76' lang='lat' dir='ltr'><strong>tau</strong></span> 
     </span>
     <span class='ocr_line' id='line_1_19' title="bbox 147 1847 933 1925; baseline 0 -17"><span class='ocrx_word' id='word_1_109' title='bbox 147 1849 200 1908; x_wconf 90' lang='lat' dir='ltr'><strong>Vir</strong></span> <span class='ocrx_word' id='word_1_110' title='bbox 223 1847 336 1908; x_wconf 87' lang='lat' dir='ltr'><strong>laculas</strong></span> <span class='ocrx_word' id='word_1_111' title='bbox 359 1847 484 1906; x_wconf 86' lang='lat' dir='ltr'><strong>Veneris</strong></span> <span class='ocrx_word' id='word_1_112' title='bbox 506 1853 627 1925; x_wconf 89' lang='lat' dir='ltr'><strong>portans</strong></span> <span class='ocrx_word' id='word_1_113' title='bbox 650 1849 681 1906; x_wconf 93' lang='lat' dir='ltr'><strong>in</strong></span> <span class='ocrx_word' id='word_1_114' title='bbox 704 1848 803 1925; x_wconf 81' lang='lat' dir='ltr'><strong>pixide</strong></span> <span class='ocrx_word' id='word_1_115' title='bbox 826 1848 933 1917; x_wconf 87' lang='lat' dir='ltr'><strong>cordis,</strong></span> 
     </span>
     <span class='ocr_line' id='line_1_20' title="bbox 190 1929 930 1998; baseline -0.004 -5"><span class='ocrx_word' id='word_1_116' title='bbox 190 1931 255 1993; x_wconf 90' lang='lat' dir='ltr'><strong>Non</strong></span> <span class='ocrx_word' id='word_1_117' title='bbox 279 1929 439 1991; x_wconf 85' lang='lat' dir='ltr'><strong>cerebrum</strong></span> <span class='ocrx_word' id='word_1_118' title='bbox 462 1947 576 1998; x_wconf 89' lang='lat' dir='ltr'><strong>somno,</strong></span> <span class='ocrx_word' id='word_1_119' title='bbox 600 1948 656 1991; x_wconf 88' lang='lat' dir='ltr'><strong>nec</strong></span> <span class='ocrx_word' id='word_1_120' title='bbox 680 1929 758 1991; x_wconf 86' lang='lat' dir='ltr'><strong>lovel</strong></span> <span class='ocrx_word' id='word_1_121' title='bbox 781 1949 832 1991; x_wconf 90' lang='lat' dir='ltr'><strong>ora</strong></span> <span class='ocrx_word' id='word_1_122' title='bbox 855 1931 930 1992; x_wconf 90' lang='lat' dir='ltr'><strong>cibo.</strong></span> 
     </span>
     <span class='ocr_line' id='line_1_21' title="bbox 146 2013 877 2094; baseline -0.001 -18"><span class='ocrx_word' id='word_1_123' title='bbox 146 2016 260 2078; x_wconf 91' lang='lat' dir='ltr'><strong>lncedit</strong></span> <span class='ocrx_word' id='word_1_124' title='bbox 281 2015 374 2076; x_wconf 90' lang='lat' dir='ltr'><strong>multa</strong></span> <span class='ocrx_word' id='word_1_125' title='bbox 399 2013 578 2083; x_wconf 90' lang='lat' dir='ltr'><strong>meditando,</strong></span> <span class='ocrx_word' id='word_1_126' title='bbox 602 2032 696 2093; x_wconf 89' lang='lat' dir='ltr'><strong>pauca</strong></span> <span class='ocrx_word' id='word_1_127' title='bbox 720 2015 877 2094; x_wconf 88' lang='lat' dir='ltr'><strong>loquendo,</strong></span> 
     </span>
     <span class='ocr_line' id='line_1_22' title="bbox 190 2097 887 2177; baseline -0.006 -16"><span class='ocrx_word' id='word_1_128' title='bbox 190 2101 239 2162; x_wconf 90' lang='lat' dir='ltr'><strong>Sic</strong></span> <span class='ocrx_word' id='word_1_129' title='bbox 261 2108 348 2160; x_wconf 88' lang='lat' dir='ltr'><strong>tener</strong></span> <span class='ocrx_word' id='word_1_130' title='bbox 370 2115 493 2159; x_wconf 87' lang='lat' dir='ltr'><strong>ausuros</strong></span> <span class='ocrx_word' id='word_1_131' title='bbox 515 2098 639 2177; x_wconf 84' lang='lat' dir='ltr'><strong>grandia</strong></span> <span class='ocrx_word' id='word_1_132' title='bbox 663 2097 774 2177; x_wconf 82' lang='lat' dir='ltr'><strong>frangit</strong></span> <span class='ocrx_word' id='word_1_133' title='bbox 796 2117 887 2159; x_wconf 87' lang='lat' dir='ltr'><strong>amor.</strong></span> 
     </span>
     <span class='ocr_line' id='line_1_23' title="bbox 147 2182 1113 2260; baseline -0.003 -14"><span class='ocrx_word' id='word_1_134' title='bbox 147 2185 290 2246; x_wconf 86' lang='lat' dir='ltr'><strong>Luctatns</strong></span> <span class='ocrx_word' id='word_1_135' title='bbox 313 2201 423 2253; x_wconf 87' lang='lat' dir='ltr'><strong>secum,</strong></span> <span class='ocrx_word' id='word_1_136' title='bbox 447 2185 563 2245; x_wconf 87' lang='lat' dir='ltr'><strong>ratione</strong></span> <span class='ocrx_word' id='word_1_137' title='bbox 585 2182 689 2260; x_wconf 84' lang='lat' dir='ltr'><strong>lugere</strong></span> <span class='ocrx_word' id='word_1_138' title='bbox 712 2184 845 2244; x_wconf 84' lang='lat' dir='ltr'><strong>iurarem</strong></span> <span class='ocrx_word' id='word_1_139' title='bbox 958 2230 962 2236; x_wconf 86' lang='lat'>.</span> <span class='ocrx_word' id='word_1_140' title='bbox 1064 2194 1113 2243; x_wconf 77' lang='lat'><strong>725</strong></span> 
     </span>
     <span class='ocr_line' id='line_1_24' title="bbox 192 2267 953 2347; baseline -0.003 -16"><span class='ocrx_word' id='word_1_141' title='bbox 192 2270 229 2331; x_wconf 86' lang='lat' dir='ltr'><strong>Et</strong></span> <span class='ocrx_word' id='word_1_142' title='bbox 251 2268 327 2330; x_wconf 89' lang='lat' dir='ltr'><strong>valet</strong></span> <span class='ocrx_word' id='word_1_143' title='bbox 350 2275 378 2328; x_wconf 91' lang='lat' dir='ltr'><strong>et</strong></span> <span class='ocrx_word' id='word_1_144' title='bbox 402 2285 461 2329; x_wconf 92' lang='lat' dir='ltr'><strong>uon</strong></span> <span class='ocrx_word' id='word_1_145' title='bbox 483 2267 554 2337; x_wconf 86' lang='lat' dir='ltr'><strong>vult,</strong></span> <span class='ocrx_word' id='word_1_146' title='bbox 578 2268 638 2328; x_wconf 86' lang='lat' dir='ltr'><strong>vult</strong></span> <span class='ocrx_word' id='word_1_147' title='bbox 661 2269 844 2347; x_wconf 87' lang='lat' dir='ltr'><strong>minimeque</strong></span> <span class='ocrx_word' id='word_1_148' title='bbox 867 2267 953 2329; x_wconf 83' lang='lat' dir='ltr'><strong>valet.</strong></span> 
     </span>
     <span class='ocr_line' id='line_1_25' title="bbox 150 2353 975 2433; baseline 0 -18"><span class='ocrx_word' id='word_1_149' title='bbox 150 2353 218 2415; x_wconf 88' lang='lat' dir='ltr'><strong>Vult</strong></span> <span class='ocrx_word' id='word_1_150' title='bbox 240 2353 371 2415; x_wconf 89' lang='lat' dir='ltr'><strong>animum</strong></span> <span class='ocrx_word' id='word_1_151' title='bbox 393 2360 504 2430; x_wconf 82' lang='lat' dir='ltr'><strong>tegere,</strong></span> <span class='ocrx_word' id='word_1_152' title='bbox 529 2369 588 2412; x_wconf 92' lang='lat' dir='ltr'><strong>non</strong></span> <span class='ocrx_word' id='word_1_153' title='bbox 610 2354 742 2433; x_wconf 87' lang='lat' dir='ltr'><strong>prodest,</strong></span> <span class='ocrx_word' id='word_1_154' title='bbox 766 2354 827 2413; x_wconf 87' lang='lat' dir='ltr'><strong>vult</strong></span> <span class='ocrx_word' id='word_1_155' title='bbox 848 2355 975 2432; x_wconf 88' lang='lat' dir='ltr'><strong>aperire.</strong></span> 
     </span>
     <span class='ocr_line' id='line_1_26' title="bbox 190 2436 939 2516; baseline 0.001 -18"><span class='ocrx_word' id='word_1_156' title='bbox 190 2436 248 2498; x_wconf 88' lang='lat' dir='ltr'><strong>Sed</strong></span> <span class='ocrx_word' id='word_1_157' title='bbox 272 2439 341 2498; x_wconf 80' lang='lat' dir='ltr'><strong>cui?</strong></span> <span class='ocrx_word' id='word_1_158' title='bbox 364 2456 423 2498; x_wconf 90' lang='lat' dir='ltr'><strong>non</strong></span> <span class='ocrx_word' id='word_1_159' title='bbox 447 2438 551 2515; x_wconf 84' lang='lat' dir='ltr'><strong>aperit,</strong></span> <span class='ocrx_word' id='word_1_160' title='bbox 574 2438 625 2498; x_wconf 90' lang='lat' dir='ltr'><strong>sed</strong></span> <span class='ocrx_word' id='word_1_161' title='bbox 649 2439 745 2515; x_wconf 84' lang='lat' dir='ltr'><strong>magis</strong></span> <span class='ocrx_word' id='word_1_162' title='bbox 768 2440 833 2516; x_wconf 88' lang='lat' dir='ltr'><strong>ipse</strong></span> <span class='ocrx_word' id='word_1_163' title='bbox 856 2440 939 2516; x_wconf 81' lang='lat' dir='ltr'><strong>tegit.</strong></span> 
     </span>
     <span class='ocr_line' id='line_1_27' title="bbox 145 2521 842 2598; baseline 0 -14"><span class='ocrx_word' id='word_1_164' title='bbox 145 2524 178 2584; x_wconf 93' lang='lat' dir='ltr'><strong>ln</strong></span> <span class='ocrx_word' id='word_1_165' title='bbox 203 2541 234 2584; x_wconf 89' lang='lat' dir='ltr'><strong>se</strong></span> <span class='ocrx_word' id='word_1_166' title='bbox 258 2523 377 2583; x_wconf 79' lang='lat' dir='ltr'><strong>terrere</strong></span> <span class='ocrx_word' id='word_1_167' title='bbox 401 2521 475 2582; x_wconf 91' lang='lat' dir='ltr'><strong>solet</strong></span> <span class='ocrx_word' id='word_1_168' title='bbox 497 2523 594 2582; x_wconf 90' lang='lat' dir='ltr'><strong>acrius</strong></span> <span class='ocrx_word' id='word_1_169' title='bbox 617 2521 735 2583; x_wconf 91' lang='lat' dir='ltr'><strong>abditus</strong></span> <span class='ocrx_word' id='word_1_170' title='bbox 757 2523 842 2598; x_wconf 82' lang='lat' dir='ltr'><strong>ignis,</strong></span> 
     </span>
    </p>
   </div>
   <div class='ocr_carea' id='block_1_4' title="bbox 143 2641 346 2650">
    <p class='ocr_par' dir='ltr' id='par_1_4' title="bbox 143 2641 346 2650">
     <span class='ocr_line' id='line_1_28' title="bbox 143 2641 346 2650; baseline -0.01 0"><span class='ocrx_word' id='word_1_171' title='bbox 143 2641 346 2650; x_wconf 79' lang='lat'>.—....--—-</span> 
     </span>
    </p>
   </div>
   <div class='ocr_carea' id='block_1_5' title="bbox 142 2685 1143 3564">
    <p class='ocr_par' dir='ltr' id='par_1_5' title="bbox 145 2685 1143 2957">
     <span class='ocr_line' id='line_1_29' title="bbox 182 2685 1113 2757; baseline 0 -16"><span class='ocrx_word' id='word_1_172' title='bbox 182 2729 184 2732; x_wconf 83' lang='lat'>-</span> <span class='ocrx_word' id='word_1_173' title='bbox 217 2691 277 2742; x_wconf 79' lang='lat' dir='ltr'><strong>tot.</strong></span> <span class='ocrx_word' id='word_1_174' title='bbox 289 2685 427 2756; x_wconf 80' lang='lat' dir='ltr'><strong>Marginis</strong></span> <span class='ocrx_word' id='word_1_175' title='bbox 441 2686 579 2739; x_wconf 79' lang='lat' dir='ltr'><strong>scholion:</strong></span> <span class='ocrx_word' id='word_1_176' title='bbox 599 2687 770 2753; x_wconf 81' lang='lat' dir='ltr'><strong>Avernigera</strong></span> <span class='ocrx_word' id='word_1_177' title='bbox 784 2705 866 2749; x_wconf 85' lang='lat' dir='ltr'><strong>erma,</strong></span> <span class='ocrx_word' id='word_1_178' title='bbox 879 2691 945 2755; x_wconf 86' lang='lat' dir='ltr'><strong>quia</strong></span> <span class='ocrx_word' id='word_1_179' title='bbox 960 2707 1019 2757; x_wconf 81' lang='lat' dir='ltr'><strong>enm</strong></span> <span class='ocrx_word' id='word_1_180' title='bbox 1032 2692 1113 2741; x_wconf 86' lang='lat' dir='ltr'><strong>duxe-</strong></span> 
     </span>
     <span class='ocr_line' id='line_1_30' title="bbox 145 2755 1143 2821; baseline 0 -13"><span class='ocrx_word' id='word_1_181' title='bbox 145 2765 209 2810; x_wconf 86' lang='lat' dir='ltr'><strong>runt</strong></span> <span class='ocrx_word' id='word_1_182' title='bbox 227 2759 256 2806; x_wconf 89' lang='lat' dir='ltr'><strong>in</strong></span> <span class='ocrx_word' id='word_1_183' title='bbox 273 2757 421 2820; x_wconf 84' lang='lat' dir='ltr'><strong>Avernum,</strong></span> <span class='ocrx_word' id='word_1_184' title='bbox 441 2755 510 2820; x_wconf 86' lang='lat' dir='ltr'><strong>quod</strong></span> <span class='ocrx_word' id='word_1_185' title='bbox 529 2755 669 2807; x_wconf 84' lang='lat' dir='ltr'><strong>derivatur</strong></span> <span class='ocrx_word' id='word_1_186' title='bbox 686 2759 718 2807; x_wconf 79' lang='lat' dir='ltr'><strong>ab</strong></span> <span class='ocrx_word' id='word_1_187' title='bbox 737 2757 845 2821; x_wconf 81' lang='lat' dir='ltr'><strong>equod</strong></span> <span class='ocrx_word' id='word_1_188' title='bbox 864 2757 924 2808; x_wconf 85' lang='lat' dir='ltr'><strong>sine</strong></span> <span class='ocrx_word' id='word_1_189' title='bbox 943 2763 1048 2821; x_wconf 79' lang='lat' dir='ltr'><strong>einer,</strong></span> <span class='ocrx_word' id='word_1_190' title='bbox 1067 2760 1112 2808; x_wconf 89' lang='lat' dir='ltr'><strong>de·</strong></span> <span class='ocrx_word' id='word_1_191' title='bbox 1136 2787 1143 2800; x_wconf 57' lang='grc' dir='ltr'><strong>ι</strong></span> 
     </span>
     <span class='ocr_line' id='line_1_31' title="bbox 145 2823 1113 2891; baseline 0.002 -17"><span class='ocrx_word' id='word_1_192' title='bbox 145 2824 274 2889; x_wconf 87' lang='lat' dir='ltr'><strong>lectatio,</strong></span> <span class='ocrx_word' id='word_1_193' title='bbox 303 2825 383 2891; x_wconf 81' lang='lat' dir='ltr'><strong>quasi</strong></span> <span class='ocrx_word' id='word_1_194' title='bbox 409 2825 469 2874; x_wconf 81' lang='lat' dir='ltr'><strong>eine</strong></span> <span class='ocrx_word' id='word_1_195' title='bbox 497 2823 696 2877; x_wconf 81' lang='lat' dir='ltr'><strong>delectatione.</strong></span> <span class='ocrx_word' id='word_1_196' title='bbox 782 2827 839 2876; x_wconf 87' lang='grc'><strong>710.</strong></span> <span class='ocrx_word' id='word_1_197' title='bbox 856 2829 876 2879; x_wconf 82' lang='lat' dir='ltr'><strong>t,</strong></span> <span class='ocrx_word' id='word_1_198' title='bbox 899 2840 948 2890; x_wconf 88' lang='lat' dir='ltr'><strong>pro</strong></span> <span class='ocrx_word' id='word_1_199' title='bbox 973 2826 1033 2876; x_wconf 88' lang='lat' dir='ltr'><strong>cod.</strong></span> <span class='ocrx_word' id='word_1_200' title='bbox 1053 2826 1113 2876; x_wconf 90' lang='lat' dir='ltr'><strong>tali.</strong></span> 
     </span>
     <span class='ocr_line' id='line_1_32' title="bbox 146 2889 970 2957; baseline -0.001 -13"><span class='ocrx_word' id='word_1_201' title='bbox 146 2895 204 2948; x_wconf 84' lang='grc'><strong>713.</strong></span> <span class='ocrx_word' id='word_1_202' title='bbox 224 2894 263 2944; x_wconf 84' lang='lat'><strong>14.</strong></span> <span class='ocrx_word' id='word_1_203' title='bbox 285 2894 335 2946; x_wconf 84' lang='lat' dir='ltr'><strong>cir.</strong></span> <span class='ocrx_word' id='word_1_204' title='bbox 352 2892 435 2942; x_wconf 82' lang='lat' dir='ltr'><strong>Alan.</strong></span> <span class='ocrx_word' id='word_1_205' title='bbox 453 2891 558 2943; x_wconf 82' lang='lat' dir='ltr'><strong>Antiel.</strong></span> <span class='ocrx_word' id='word_1_206' title='bbox 576 2890 625 2940; x_wconf 92' lang='lat' dir='ltr'><strong>lib.</strong></span> <span class='ocrx_word' id='word_1_207' title='bbox 644 2890 684 2940; x_wconf 91' lang='lat' dir='ltr'><strong>VI</strong></span> <span class='ocrx_word' id='word_1_208' title='bbox 702 2889 742 2957; x_wconf 91' lang='lat' dir='ltr'><strong>(p.</strong></span> <span class='ocrx_word' id='word_1_209' title='bbox 762 2891 805 2954; x_wconf 81' lang='lat'><strong>95)</strong></span> <span class='ocrx_word' id='word_1_210' title='bbox 825 2892 872 2942; x_wconf 92' lang='lat' dir='ltr'><strong>lin.</strong></span> <span class='ocrx_word' id='word_1_211' title='bbox 892 2896 917 2947; x_wconf 84' lang='lat'><strong>9.</strong></span> <span class='ocrx_word' id='word_1_212' title='bbox 937 2894 970 2943; x_wconf 88' lang='grc'><strong>10</strong></span> 
     </span>
    </p>

    <p class='ocr_par' dir='ltr' id='par_1_6' title="bbox 264 2959 1027 3026">
     <span class='ocr_line' id='line_1_33' title="bbox 264 2959 1027 3026; baseline 0.004 -15"><span class='ocrx_word' id='word_1_213' title='bbox 264 2959 317 3012; x_wconf 86' lang='lat' dir='ltr'><strong>Sed</strong></span> <span class='ocrx_word' id='word_1_214' title='bbox 336 2960 462 3025; x_wconf 81' lang='lat' dir='ltr'><strong>quamvis</strong></span> <span class='ocrx_word' id='word_1_215' title='bbox 482 2959 578 3009; x_wconf 83' lang='lat' dir='ltr'><strong>oculus</strong></span> <span class='ocrx_word' id='word_1_216' title='bbox 597 2959 698 3009; x_wconf 85' lang='lat' dir='ltr'><strong>mentis</strong></span> <span class='ocrx_word' id='word_1_217' title='bbox 717 2959 891 3026; x_wconf 81' lang='lat' dir='ltr'><strong>resplendeat</strong></span> <span class='ocrx_word' id='word_1_218' title='bbox 909 2961 993 3024; x_wconf 88' lang='lat' dir='ltr'><strong>intra,</strong></span> <span class='ocrx_word' id='word_1_219' title='bbox 1026 3009 1027 3014; x_wconf 75' lang='grc'>,</span> 
     </span>
    </p>

    <p class='ocr_par' dir='ltr' id='par_1_7' title="bbox 143 3027 1113 3360">
     <span class='ocr_line' id='line_1_34' title="bbox 262 3027 739 3092; baseline -0.006 -14"><span class='ocrx_word' id='word_1_220' title='bbox 262 3027 433 3092; x_wconf 82' lang='lat' dir='ltr'><strong>Languescit</strong></span> <span class='ocrx_word' id='word_1_221' title='bbox 451 3031 543 3077; x_wconf 86' lang='lat' dir='ltr'><strong>tamen</strong></span> <span class='ocrx_word' id='word_1_222' title='bbox 562 3027 688 3081; x_wconf 84' lang='lat' dir='ltr'><strong>exterior.</strong></span> <span class='ocrx_word' id='word_1_223' title='bbox 706 3052 739 3061; x_wconf 98' lang='lat'><em>-</em></span> 
     </span>
     <span class='ocr_line' id='line_1_35' title="bbox 146 3094 1113 3160; baseline -0.002 -14"><span class='ocrx_word' id='word_1_224' title='bbox 146 3096 205 3148; x_wconf 85' lang='grc'><strong>718.</strong></span> <span class='ocrx_word' id='word_1_225' title='bbox 223 3096 357 3160; x_wconf 83' lang='lat' dir='ltr'><strong>Marginis</strong></span> <span class='ocrx_word' id='word_1_226' title='bbox 376 3094 513 3145; x_wconf 75' lang='lat' dir='ltr'><strong>scholion:</strong></span> <span class='ocrx_word' id='word_1_227' title='bbox 532 3094 586 3143; x_wconf 88' lang='lat' dir='ltr'><strong>tria</strong></span> <span class='ocrx_word' id='word_1_228' title='bbox 604 3100 737 3158; x_wconf 87' lang='lat' dir='ltr'><strong>tempora,</strong></span> <span class='ocrx_word' id='word_1_229' title='bbox 755 3107 852 3158; x_wconf 87' lang='lat' dir='ltr'><strong>nempe</strong></span> <span class='ocrx_word' id='word_1_230' title='bbox 872 3109 1015 3159; x_wconf 77' lang='lat' dir='ltr'><strong>praeseus,</strong></span> <span class='ocrx_word' id='word_1_231' title='bbox 1034 3110 1113 3160; x_wconf 88' lang='lat' dir='ltr'><strong>prae-</strong></span> 
     </span>
     <span class='ocr_line' id='line_1_36' title="bbox 144 3161 1112 3227; baseline 0.002 -15"><span class='ocrx_word' id='word_1_232' title='bbox 144 3163 257 3213; x_wconf 85' lang='lat' dir='ltr'><strong>teritum</strong></span> <span class='ocrx_word' id='word_1_233' title='bbox 278 3164 460 3226; x_wconf 76' lang='lat' dir='ltr'><strong>allaturum,</strong></span> <span class='ocrx_word' id='word_1_234' title='bbox 481 3162 662 3226; x_wconf 85' lang='lat' dir='ltr'><strong>praeteritum</strong></span> <span class='ocrx_word' id='word_1_235' title='bbox 682 3161 813 3211; x_wconf 88' lang='lat' dir='ltr'><strong>oblivioni</strong></span> <span class='ocrx_word' id='word_1_236' title='bbox 830 3161 961 3224; x_wconf 85' lang='lat' dir='ltr'><strong>tradidit,</strong></span> <span class='ocrx_word' id='word_1_237' title='bbox 980 3175 1112 3227; x_wconf 77' lang='lat' dir='ltr'><strong>praesens</strong></span> 
     </span>
     <span class='ocr_line' id='line_1_37' title="bbox 144 3227 1113 3294; baseline 0 -14"><span class='ocrx_word' id='word_1_238' title='bbox 144 3246 199 3282; x_wconf 90' lang='lat' dir='ltr'><strong>non</strong></span> <span class='ocrx_word' id='word_1_239' title='bbox 221 3231 343 3293; x_wconf 80' lang='lat' dir='ltr'><strong>curavit,</strong></span> <span class='ocrx_word' id='word_1_240' title='bbox 372 3231 493 3281; x_wconf 82' lang='lat' dir='ltr'><strong>futurum</strong></span> <span class='ocrx_word' id='word_1_241' title='bbox 512 3244 566 3279; x_wconf 90' lang='lat' dir='ltr'><strong>non</strong></span> <span class='ocrx_word' id='word_1_242' title='bbox 585 3228 735 3294; x_wconf 79' lang='lat' dir='ltr'><strong>prospexit.</strong></span> <span class='ocrx_word' id='word_1_243' title='bbox 847 3230 904 3283; x_wconf 78' lang='grc'><strong>727.</strong></span> <span class='ocrx_word' id='word_1_244' title='bbox 924 3227 989 3279; x_wconf 87' lang='lat' dir='ltr'><strong>Cod.</strong></span> <span class='ocrx_word' id='word_1_245' title='bbox 1008 3244 1113 3294; x_wconf 82' lang='lat' dir='ltr'><strong>regere.</strong></span> 
     </span>
     <span class='ocr_line' id='line_1_38' title="bbox 143 3298 478 3360; baseline -0.009 -11"><span class='ocrx_word' id='word_1_246' title='bbox 143 3301 205 3352; x_wconf 82' lang='grc'><strong>729.</strong></span> <span class='ocrx_word' id='word_1_247' title='bbox 225 3298 276 3348; x_wconf 90' lang='lat' dir='ltr'><strong>Ov.</strong></span> <span class='ocrx_word' id='word_1_248' title='bbox 295 3299 360 3352; x_wconf 88' lang='lat' dir='ltr'><strong>Met.</strong></span> <span class='ocrx_word' id='word_1_249' title='bbox 378 3298 426 3360; x_wconf 90' lang='lat' dir='ltr'><strong>IV,</strong></span> <span class='ocrx_word' id='word_1_250' title='bbox 445 3299 478 3346; x_wconf 78' lang='lat'><strong>64</strong></span> 
     </span>
    </p>

    <p class='ocr_par' dir='ltr' id='par_1_8' title="bbox 142 3363 1020 3564">
     <span class='ocr_line' id='line_1_39' title="bbox 232 3363 1020 3431; baseline -0.001 -15"><span class='ocrx_word' id='word_1_251' title='bbox 232 3368 346 3430; x_wconf 80' lang='lat' dir='ltr'><strong>Quoque</strong></span> <span class='ocrx_word' id='word_1_252' title='bbox 365 3365 453 3430; x_wconf 80' lang='lat' dir='ltr'><strong>magis</strong></span> <span class='ocrx_word' id='word_1_253' title='bbox 471 3363 583 3428; x_wconf 83' lang='lat' dir='ltr'><strong>tegitur,</strong></span> <span class='ocrx_word' id='word_1_254' title='bbox 602 3367 682 3413; x_wconf 86' lang='lat' dir='ltr'><strong>tanto</strong></span> <span class='ocrx_word' id='word_1_255' title='bbox 701 3363 790 3427; x_wconf 81' lang='lat' dir='ltr'><strong>magia</strong></span> <span class='ocrx_word' id='word_1_256' title='bbox 808 3367 921 3414; x_wconf 83' lang='lat' dir='ltr'><strong>aestuat</strong></span> <span class='ocrx_word' id='word_1_257' title='bbox 938 3363 1020 3431; x_wconf 84' lang='lat' dir='ltr'><strong>ignia.</strong></span> 
     </span>
     <span class='ocr_line' id='line_1_40' title="bbox 142 3430 848 3500; baseline -0.006 -16"><span class='ocrx_word' id='word_1_258' title='bbox 142 3433 281 3500; x_wconf 85' lang='lat' dir='ltr'><strong>Pamphil.</strong></span> <span class='ocrx_word' id='word_1_259' title='bbox 301 3435 324 3498; x_wconf 91' lang='lat'><strong>1,</strong></span> <span class='ocrx_word' id='word_1_260' title='bbox 343 3435 426 3484; x_wconf 78' lang='lat'><strong>21-</strong></span> <span class='ocrx_word' id='word_1_261' title='bbox 445 3457 476 3467; x_wconf 87' lang='lat'><em>-</em></span> <span class='ocrx_word' id='word_1_262' title='bbox 495 3456 528 3466; x_wconf 94' lang='lat'>—</span> <span class='ocrx_word' id='word_1_263' title='bbox 546 3446 609 3481; x_wconf 88' lang='lat' dir='ltr'><strong>nam</strong></span> <span class='ocrx_word' id='word_1_264' title='bbox 629 3430 755 3481; x_wconf 80' lang='lat' dir='ltr'><strong>conditus</strong></span> <span class='ocrx_word' id='word_1_265' title='bbox 774 3431 848 3496; x_wconf 81' lang='lat' dir='ltr'><strong>ignis</strong></span> 
     </span>
     <span class='ocr_line' id='line_1_41' title="bbox 347 3497 882 3564; baseline -0.002 -15"><span class='ocrx_word' id='word_1_266' title='bbox 347 3500 454 3564; x_wconf 84' lang='lat' dir='ltr'><strong>Aerior,</strong></span> <span class='ocrx_word' id='word_1_267' title='bbox 475 3497 576 3549; x_wconf 84' lang='lat' dir='ltr'><strong>effusus</strong></span> <span class='ocrx_word' id='word_1_268' title='bbox 595 3499 703 3562; x_wconf 85' lang='lat' dir='ltr'><strong>parcior</strong></span> <span class='ocrx_word' id='word_1_269' title='bbox 723 3514 784 3550; x_wconf 82' lang='lat' dir='ltr'><strong>esne</strong></span> <span class='ocrx_word' id='word_1_270' title='bbox 803 3497 882 3549; x_wconf 81' lang='lat' dir='ltr'><strong>solet.</strong></span> 
     </span>
    </p>
   </div>
   <div class='ocr_carea' id='block_1_6' title="bbox 0 0 1314 3984">
    <p class='ocr_par' dir='ltr' id='par_1_9' title="bbox 0 0 1314 3984">
     <span class='ocr_line' id='line_1_42' title="bbox 0 0 1314 3984; baseline 0 0"><span class='ocrx_word' id='word_1_271' title='bbox 0 0 1314 3984; x_wconf 95' lang='lat' dir='ltr'><strong> </strong></span> 
     </span>
    </p>
   </div>
  </div>
 </body>
</html>
