2616 3980
224 207 267 274 30
545 210 604 261 Lib.
625 209 647 264 I.
682 225 708 260 r.
726 211 870 262 ore-599.
967 247 971 252 -

224 363 341 424 Revera
363 364 408 422 vir
430 361 555 440 pulcher
578 371 651 439 erat,
674 364 732 422 iam
751 350 851 443 ‘prima
874 360 991 424 tenellis

265 445 391 525 Lanugo
414 447 493 527 cepit
514 447 690 508 inlruticare
712 446 781 527 pilis

126 543 132 548 ·
160 595 170 618 ,
225 531 368 610 Signabat
389 549 491 592 roseas
514 531 615 610 iacies,
638 532 713 592 nivis
736 531 861 603 aemula,
885 529 992 602 malas;
1144 539 1197 589 580

268 615 349 678 Haec
372 615 460 677 etiem
483 623 578 678 castas
601 615 760 678 sollicitare
783 616 889 678 solent.
916 631 918 638 ’

235 745 383 802 HELENA
400 745 570 800 PROPTER
586 745 753 801 PARIDEM
769 745 894 802 FINGIT
911 744 1023 799 ADIRE
1040 743 1180 804 FANUM.

226 837 323 898 Paean
345 833 486 915 oppidulo
510 853 592 896 mare
614 836 665 896 lux
687 836 784 898 stabat
805 834 919 914 spolio,

268 920 372 983 Stabat
393 919 514 980 latidico
537 920 636 982 iuncta
659 919 751 981 Biana
774 919 840 981 deo.

226 1005 290 1067 lluo
312 1005 435 1073 Ledaea,
460 1006 545 1082 quasi
567 1004 693 1064 tendens
716 1004 753 1065 ad
774 1001 919 1083 Apollinis
942 1021 1024 1064 aram

268 1090 307 1150 Se
328 1096 437 1155 movet,
460 1105 606 1166 aequorea
628 1086 726 1150 littora
750 1091 869 1168 iamque
891 1094 983 1150 tenet.
1142 1096 1197 1147 585

226 1175 318 1236 Causa
342 1173 394 1234 sed
413 1180 458 1232 est
480 1171 547 1242 alia,
570 1174 706 1235 iuvenem
730 1181 867 1252 spectare
890 1172 1017 1242 volebat,

267 1256 420 1319 Huiusrad
443 1257 581 1318 intuitum
604 1257 733 1336 pendula
756 1265 816 1318 tota
839 1257 901 1319 luit.

225 1345 348 1410 Fanum,
371 1360 427 1420 pro
451 1358 521 1401 casu
544 1338 629 1417 quasi
651 1343 821 1422 quaesitura
844 1343 955 1409 futuro,

266 1427 370 1498 lutrat,
392 1424 564 1505 procumbit
587 1433 710 1506 votaque
732 1434 834 1488 sancta
858 1424 936 1487 iacit.

226 1511 341 1574 Gaudet
362 1508 529 1571 Alexander
550 1510 660 1588 gaudet
681 1529 800 1591 quoque
822 1508 947 1589 pulchra
968 1509 1118 1579 Lenaeum
1141 1518 1195 1568 ceo

162 1615 167 1620 ·
204 1624 206 1628 v
266 1596 328 1657 lam
351 1595 429 1655 foret
450 1594 480 1653 in
503 1594 625 1664 loribus,
649 1613 829 1674 exsuperare
851 1603 943 1655 ratus.

225 1677 315 1748 Exilii
338 1698 354 1740 e
376 1696 461 1748 nave,
484 1678 658 1740 conscendit
679 1697 804 1760 eamque
826 1678 926 1740 videre

267 1765 395 1844 appetit,
418 1763 510 1843 inque
532 1763 639 1834 locum,
664 1783 723 1844 quo
745 1765 800 1825 luit
821 1761 879 1831 illa,
904 1765 988 1840 petit.

225 1850 315 1930 Spem
339 1848 461 1909 multam
484 1848 621 1910 concedit
643 1851 671 1910 ei
694 1848 801 1910 fiducia
824 1847 947 1916 lormae.

267 1931 369 1994 Vultus
392 1933 456 1992 eius
478 1934 562 2012 quasi
584 1934 645 1993 siut
667 1933 728 1994 lilia
750 1940 841 2012 nupta
863 1933 949 1993 rosis.
1143 1939 1197 1990 595

127 2095 130 2102 .
225 2016 364 2080 Ambulat
385 2022 415 2077 et
436 2017 517 2076 claro
540 2035 605 2078 sese
628 2017 764 2078 diffundit
786 2017 895 2078 amictu

267 2102 313 2172 Et,
337 2117 524 2179 quacunque¹
537 2107 636 2180 potest
658 2109 722 2162 arte
743 2100 872 2180 placere,
896 2098 1002 2178 placet.

84 2165 86 2168 ⁵
186 2226 188 2230 -
226 2187 305 2248 llaec
326 2184 429 2246 laudat
448 2183 588 2263 juvenem
609 2184 752 2248 claudens
775 2183 830 2246 suh
852 2194 975 2264 pectore
996 2180 1116 2246 laudem
1172 2256 1179 2260 ,
1244 2187 1248 2192 ’

267 2271 327 2334 Ore
349 2284 459 2348 gerens
481 2267 601 2339 clavem,
625 2287 664 2331 ne
686 2276 837 2332 reseretur
860 2269 948 2329 idem.

227 2380 429 2390 ..----——

294 2420 351 2471 578.
371 2418 499 2470 Gualteri
515 2419 663 2474 Alexandr.
681 2420 704 2484 1,
722 2421 762 2471 27.
781 2421 814 2471 28

377 2485 504 2536 Nondum
521 2487 663 2552 prodierat
680 2491 777 2538 notura
794 2487 881 2553 plana
899 2485 1010 2538 tenellis

376 2552 544 2605 Infrutioans
562 2555 665 2622 lanugo
684 2555 757 2620 pilia.
885 2566 887 2570 ·

225 2623 284 2672 580.
304 2617 432 2671 Gualteri
448 2622 596 2677 Alexandr.
619 2626 652 2677 V.
672 2624 727 2674 191.
810 2623 868 2674 582.
888 2619 947 2672 Sici
968 2621 1089 2672 Sonans?
1113 2619 1196 2686 Apud

225 2687 388 2755 oppidulum
408 2693 571 2753 arnimaro,
591 2691 638 2742 lux
655 2691 749 2742 Paean
768 2688 885 2755 Apollo?
939 2690 1013 2742 ¹584.
1032 2687 1195 2742 cadhuna.

224 2757 283 2807 585.
303 2755 361 2811 cod.
378 2760 477 2807 manet.
562 2759 621 2812 586.
642 2758 701 2814 eod.
719 2772 854 2812 venerem.
932 2758 990 2807 591.
1008 2754 1129 2821 margini
1146 2755 1196 2806 ad-

226 2824 332 2889 scripta
355 2829 433 2874 aunt:
455 2824 510 2874 iam
529 2824 602 2877 foret
618 2826 648 2875 in
666 2825 812 2878 voluntate
830 2824 865 2874 ad
884 2823 1017 2875 effectum
1034 2821 1196 2889 perducere.

225 2892 283 2945 594.
303 2890 439 2974 051151.
458 2891 531 2951 XIV,
550 2895 590 2948 31.
608 2895 641 2945 32
1124 2952 1129 2960 ¹

315 2959 394 3010 Etsi
412 2973 490 3024 spem
507 2958 616 3012 dederis
635 2987 666 2998 -
684 2986 718 2996 -
735 2963 851 3010 -tuae
869 2958 969 3010 fiducia
987 2957 1099 3010 formae.

224 3028 283 3080 595.
302 3025 352 3077 Ov.
372 3041 456 3083 amor.
473 3027 511 3090 H,
530 3029 555 3092 5,
574 3030 607 3079 31

366 3093 456 3154 Quale
474 3110 554 3146 rosae
572 3095 680 3161 fulgent
697 3096 770 3146 inter
788 3109 839 3145 sua
856 3094 919 3144 lilia
935 3096 1048 3146 mixtae.

224 3161 306 3212 Alan.
327 3159 487 3212 Anticlaud.
505 3164 569 3214 Lib.
587 3163 610 3227 1,
629 3179 655 3229 p.
674 3165 715 3214 10.
733 3163 781 3213 lin.
799 3164 814 3212 3
834 3163 869 3212 ab
886 3162 964 3213 inira

412 3229 552 3281 Sidereum
570 3231 662 3281 vultus
681 3232 855 3295 castigavere
874 3230 1001 3281 ruborem

411 3296 488 3347 Lilia
504 3302 593 3362 nupta
610 3298 689 3350 rosia.

224 3364 283 3414 597.
304 3362 354 3415 Or.
366 3365 418 3415 Ara
431 3365 453 3424 I,
469 3366 519 3416 596
536 3365 582 3429 Ε1,
600 3380 771 3430 quacumque
789 3370 870 3432 potes
882 3366 947 3432 dote
959 3365 1081 3432 placere,
1100 3363 1194 3428 place.

225 3431 284 3482 599.
301 3431 389 3497 Marg.
413 3447 460 3484 ore
478 3433 551 3498 gerit
569 3432 676 3484 clavem
695 3433 767 3498 quod
785 3434 935 3486 seeundum
954 3440 1062 3500 tempus
1081 3432 1136 3484 scit
1152 3431 1194 3482 lo·

135 3557 138 3562 ¹
225 3499 274 3563 qui
292 3503 321 3551 et
337 3500 464 3550 reticere.
