2618 3984
462 152 524 202 Lib.
542 152 575 202 V.
605 167 633 202 v.
653 155 796 204 rur-138.

144 303 281 368 litoribus
303 305 453 372 humores,
476 320 577 364 mores
599 301 776 365 humoribus
799 307 859 384 apti

190 389 304 449 lodicio
328 388 439 468 physici
465 387 665 450 discutiuntur
687 387 744 448 ibi:

147 473 256 535 Pulsus
279 481 308 533 et
330 479 425 539 urina,
460 471 590 537 Primum
615 490 686 548 ergo
709 473 811 532 dociva
835 475 969 554 requirit,

190 557 264 628 Quid
288 565 392 617 uattrra
416 554 483 616 mali
506 559 625 632 cogitet,
652 555 699 616 illa
723 556 794 617 duo.
1062 569 1111 617 tto

146 643 192 704 Ad
216 644 290 718 lines
311 641 439 701 transire
462 641 536 700 duos
559 643 702 718 sapientia
725 642 823 704 fertur

193 727 230 788 Ut
252 727 290 786 sit
312 723 402 785 homo
424 743 513 784 sanus
535 719 671 803 corpore,
695 732 795 786 mente
817 726 907 786 scius.
999 748 1006 758 ·

148 809 224 871 lliuc
248 807 391 886 estquod
415 808 534 888 physica
558 807 594 868 de
617 818 730 888 septem
754 826 812 869 non
836 813 982 878 1111111111,

193 893 250 956 Sed
273 892 470 954 subdividitur
492 893 561 953 hinc
584 895 675 970 vigor,
699 893 767 953 inde
789 891 881 955 valor.

143 980 187 1040 Se
209 985 288 1055 rotat
310 979 340 1036 in
363 978 462 1038 medio
485 975 620 1038 fortunae
642 976 721 1048 luna,
744 980 896 1055 recrescit‚

193 1063 342 1123 lleerescit
363 1064 461 1122 varias
483 1060 678 1122 orbiculaudo
701 1065 791 1126 moos.

143 1149 262 1224 Regnat
282 1146 458 1214 Alexander,
481 1145 589 1206 Darius
611 1146 752 1224 regnavit,
775 1147 805 1207 in
829 1148 888 1207 imo
982 1161 986 1171 '

189 1231 408 1292 Baithasarest
430 1231 551 1308 positus,
575 1233 671 1308 surgit
693 1231 729 1290 ad
752 1241 829 1292 astra
854 1231 953 1309 Cyrus.

145 1314 319 1394 Philosophi
341 1314 493 1376 calcantur
514 1315 565 1383 ihi,
589 1316 722 1376 calcatur
745 1315 893 1384 honestas,

189 1399 337 1460 Virtutum
359 1400 459 1460 videas
481 1407 621 1478 quattuor
644 1401 687 1459 ire
709 1401 780 1460 vias.

143 1483 277 1547 Solvitur
299 1485 329 1544 in
352 1485 455 1552 risum,
478 1490 577 1544 tamen
602 1485 734 1544 insinuat
757 1484 820 1544 sine
842 1486 907 1544 risu

190 1571 285 1633 Seria.
309 1569 388 1644 quod
412 1585 505 1646 prope
529 1586 561 1628 se
584 1569 666 1645 virgo
688 1575 788 1646 tapete
810 1568 898 1628 ridet.

145 1652 215 1714 Sola
239 1660 296 1713 stat
318 1656 349 1712 iu
373 1660 473 1712 moute
496 1653 645 1729 carpendo
667 1653 759 1711 vireta
783 1651 895 1728 capella

189 1738 230 1798 Ex
253 1739 404 1814 inproviso
427 1736 600 1815 prosiliente
624 1735 704 1814 lupo.

144 1822 191 1883 'lu
216 1839 274 1901 qno
295 1819 362 1899 jure
384 1839 458 1890 mea,
483 1819 572 1899 lupus
595 1822 698 1900 inquit,
721 1837 828 1900 pascua
851 1819 987 1880 mordes?

188 1906 283 1967 Crede
305 1904 387 1974 milri,
409 1907 470 1967 leci
493 1907 607 1965 nescia:
633 1922 720 1984 capra
743 1906 847 1964 relect.

146 1994 183 2051 tt
206 1990 293 2069 lupus
316 1993 464 2050 intonuit:
488 1989 595 2050 reddes
618 1989 749 2050 convivia
772 1987 863 2068 pelle;

191 2075 274 2136 Unde
297 2073 372 2134 levat
392 2072 467 2134 tales
489 2073 562 2135 haec
585 2071 779 2134 tremebunda
800 2090 920 2152 praees:

148 2159 341 2219 Praeventam
365 2167 490 2219 mortem
514 2158 613 2218 missis
635 2157 765 2218 concede
788 2157 914 2228 duabus,

187 2243 250 2304 Una
273 2242 338 2311 tibi,
362 2241 496 2303 domiue!
519 2244 614 2320 prosit
638 2250 667 2302 et
690 2259 747 2302 uua
771 2241 855 2302 mihi.

146 2327 214 2396 Fac,
238 2329 288 2388 nit.
318 2326 369 2386 llla
393 2328 473 2387 cauit
495 2325 587 2386 altum
610 2326 749 2404 diapente
772 2331 940 2404 caprizans;

188 2411 277 2472 inuit
298 2411 397 2490 upilio,
420 2409 588 2488 prosiluere
610 2428 708 2470 canes.

145 2495 198 2558 Cui
222 2494 311 2574 lupus
333 2496 500 2572 aullugiens
523 2500 643 2573 poteras
665 2492 780 2572 legisse,
805 2495 949 2563 cauehas;

188 2581 253 2641 Nou
276 2579 348 2641 mihi
370 2579 422 2640 sed
445 2587 548 2640 cantus
571 2579 681 2658 proluit
703 2577 753 2638 illc
775 2577 838 2638 tibi.

145 2665 217 2725 l'lus
240 2665 288 2727 alii
311 2684 366 2744 pro
388 2673 419 2725 te
441 2683 528 2744 quam
551 2672 584 2723 tu
607 2663 661 2724 tihi
685 2665 808 2724 credere
832 2663 902 2727 noli.

189 2749 245 2820 Oui
267 2749 323 2810 tibi
345 2749 492 2818 dormitat,
517 2749 572 2808 scit
595 2749 717 2825 vigilare
741 2747 808 2806 sihi.

144 2835 237 2905 hlimi,
261 2833 428 2902 mendaces,
453 2831 629 2900 balatrones,
653 2832 709 2892 hoc
726 2827 825 2908 'genus
848 2849 936 2892 omne

187 2918 307 2980 Ludunt
331 2921 362 2976 in
385 2917 462 2985 talis,
486 2915 628 3000 amphora
653 2918 750 2977 cincta
774 2915 876 2992 niphis.
952 2975 954 2978 .

213 3170 271 3222 117.
289 3167 399 3234 Margo:
428 3170 466 3219 Hi
494 3175 633 3235 ponuntur
659 3184 713 3220 non
738 3169 804 3233 qula
827 3173 891 3218 ante
914 3172 1040 3233 tempora
1058 3170 1110 3220 illa

144 3237 265 3297 luerint,
295 3234 343 3285 sed
370 3238 436 3300 quia
464 3238 562 3300 gannit
592 3235 799 3287 similitudinem
819 3236 933 3285 aliorum
957 3237 1109 3292 eutalium,

144 3305 203 3354 136.
221 3306 308 3354 Aaou.
326 3302 423 3354 Nevel.
442 3319 468 3368 p.
487 3305 536 3354 527
555 3304 602 3353 lin.
624 3307 665 3353 11.
736 3306 794 3354 137.
814 3303 923 3353 Horatii
943 3318 1022 3359 serm.
1039 3306 1063 3367 1,
1083 3309 1107 3365 2,

143 3374 169 3434 3,
188 3371 236 3421 ubi
254 3374 347 3422 tamen
365 3371 471 3424 mimae.
542 3373 598 3424 138.
624 3370 741 3422 Sensus:
760 3370 788 3419 hi
806 3370 913 3434 lndnnt,
934 3373 1043 3424 interea
1062 3373 1111 3422 ad·

143 3443 273 3504 portatur
292 3438 426 3503 amphora
450 3437 568 3503 scyphis.
585 3437 685 3486 cincta.
879 3441 887 3456 ²
