2616 3980
430 183 550 235 21211.
586 200 612 239 v.
630 184 772 234 ees-ecc.
1042 183 1085 247 47

120 336 270 398 Adventus
291 333 382 396 vestri
404 312 513 413 prohat
534 334 584 394 hic
606 333 682 395 alata
705 335 839 396 voluutas
1034 345 1084 396 235
1191 373 1195 378 -

162 420 200 480 Et
222 436 295 497 ques
318 420 440 479 vexistis
462 418 521 481 huc
543 419 690 489 veniendo
712 428 801 480 rates,
1021 409 1039 440 ¹

122 505 215 566 Immo
236 502 322 563 iahor
343 501 517 563 tolerandus
540 503 645 571 adhuc,
670 521 736 564 cum
760 506 853 564 simus
874 506 952 566 inire

162 588 195 648 ln
220 587 387 667 Phrygiam,
410 589 505 648 sortes
527 606 597 648 ense
619 587 740 650 domare
763 587 904 667 Phryges,

121 674 187 741 Vos,
212 674 263 749 qui
284 673 437 751 proposito
457 669 551 731 nolite
574 672 716 732 recedere
738 682 847 740 restro,
903 749 907 752 Ι
1104 731 1107 738 ,

163 759 339 820 Constantes
361 757 497 835 sequitur
519 756 614 832 gloria
637 772 743 833 magna
766 760 852 817 viros.
1033 767 1084 816 240

120 841 186 904 Otia
210 842 347 921 deponat,
371 843 463 901 armis
485 858 517 901 se
540 841 653 901 Graeca
673 839 812 918 juventus
874 899 877 905 ,

162 925 278 994 induat,
300 926 358 986 iam
380 925 479 984 minax
503 925 539 986 ad
561 924 640 984 latus
663 928 743 986 ensis
765 933 822 994 eat,

119 1011 255 1071 Vindicet
277 1008 447 1090 opprobria,
469 1008 550 1069 hunc
572 1008 697 1077 hostem,
723 1009 829 1070 damna
852 1013 997 1089 requirat,

162 1095 224 1155 Nec
247 1097 305 1154 nisi
328 1092 469 1172 subjectis
492 1092 628 1154 hostibus
649 1111 730 1154 arma
753 1094 849 1162 locet;

120 1179 179 1241 Sed
202 1189 301 1239 tamen
324 1179 440 1238 interea
464 1177 594 1258 Delphos
616 1177 758 1248 mittatur,
781 1179 884 1258 Apollo
1034 1188 1083 1236 245

160 1265 213 1324 Est
234 1261 286 1331 ihi,
311 1281 365 1342 pro
387 1270 455 1323 voto
478 1263 554 1323 dona
577 1263 711 1323 feramus
733 1267 774 1332 ei:

116 1348 263 1408 Eventum
286 1345 357 1408 belii
379 1364 555 1424 responsum
578 1349 655 1408 scire
678 1367 732 1426 per
755 1351 819 1408 eius

160 1433 336 1500 Possumus;
359 1435 390 1492 in
412 1432 502 1492 finem
525 1431 576 1492 sed
598 1433 664 1512 quis
686 1435 783 1492 iturus
806 1433 880 1492 erit?

381 1629 480 1684 anun
498 1615 599 1683 naar
615 1627 812 1683 suspensa,

21 1779 24 1782 ’
117 1768 241 1839 Quaerit
263 1786 330 1828 cum
354 1769 435 1827 socio
457 1765 595 1828 Patroclo
618 1767 727 1827 missus
748 1764 875 1827 Achilles

159 1852 201 1912 De
224 1870 258 1912 re
281 1851 446 1928 proposita;
468 1851 588 1928 fataque
610 1851 709 1910 santur
731 1851 784 1910 ita:
1032 1863 1083 1910 250

6 1991 10 2010 ,
117 1937 224 1997 Graeci
246 1934 392 2012 Trojanos
415 1937 534 1995 vincent
557 1934 732 2013 decimoque
755 1933 809 1993 suh
832 1953 910 1994 anuo

159 2022 181 2079 A
205 2020 327 2079 Graecis
349 2018 438 2078 debet
459 2017 551 2096 Troja
573 2016 693 2078 subacta
717 2021 795 2098 capi.

118 2103 241 2165 Calchas
264 2102 383 2162 divinus
406 2111 435 2161 et
456 2103 582 2164 Nestore
604 2109 691 2164 natus
714 2102 819 2163 eodem

159 2187 210 2246 Est
231 2205 287 2266 pro
310 2184 455 2264 Trojaois·
471 2195 606 2265 tempore
627 2187 734 2247 missus
757 2205 802 2247 eo.
832 2264 835 2268 .

116 2271 158 2332 De
176 2275 275 2348 'regno
297 2270 447 2349 rebusque
469 2273 530 2331 suis
552 2271 602 2330 hic
624 2269 761 2340 consulit,
785 2271 867 2332 audit
1030 2283 1080 2330 255

158 2353 242 2426 Quod
266 2354 324 2417 sihi
346 2372 414 2416 cum
437 2355 558 2416 Graecis
580 2353 668 2433 Troja
691 2355 817 2432 petenda
840 2355 905 2416 fuit.

50 2451 51 2456 ’
117 2439 303 2500 Conveniunt
326 2439 449 2500 Calchas
472 2448 502 2500 et
523 2437 662 2507 Achilles,
686 2456 778 2516 seque
800 2441 929 2500 salutant
977 2438 981 2450 ’

157 2524 195 2584 Et
218 2523 307 2584 simul
328 2525 359 2582 in
381 2524 452 2584 fano
474 2533 576 2584 mutua
599 2522 688 2583 verba
711 2531 823 2584 serunt

6 2685 7 2688 Ἴ
115 2607 297 2670 Alterutrum
320 2620 482 2685 quaerunt:
505 2607 560 2669 tihi
582 2607 652 2686 qaid
676 2609 833 2686 respondit
853 2609 973 2688 Apollo?

158 2693 221 2753 Hoc
243 2692 319 2752 mihi
341 2692 415 2752 dixit
437 2701 467 2753 et
488 2692 555 2761 hoc,
580 2709 656 2752 unus
679 2700 708 2752 et
730 2691 805 2752 alter
829 2695 879 2752 211.
1029 2703 1080 2752 250

115 2779 221 2838 Graeci
243 2779 371 2838 victores
393 2777 473 2852 fient,
497 2777 555 2837 hoc
576 2777 687 2856 inquit;
712 2775 761 2836 hic
783 2784 896 2836 auteur:

158 2863 231 2922 Cum
254 2862 375 2922 Graecis
397 2860 456 2929 ibo,
481 2860 607 2920 Troicus
628 2860 723 2920 hostis
745 2878 807 2922 ero.

115 2945 313 3014 concordant,
335 2946 365 3005 in
388 2944 548 3006 amicitiam
570 2946 732 3013 sociantur,
756 2944 886 3005 Athenas

158 3030 202 3092 Ad
224 3029 341 3090 Danaos
361 3031 484 3089 veniunt
507 3038 537 3089 et
557 3031 680 3089 recitata
703 3029 812 3089 ierunt.

115 3185 301 3194 -.·.--...·.-·--
310 3184 317 3190 ι

138 3275 142 3278 ’
183 3269 240 3318 235.
270 3280 378 3330 margo:
409 3262 509 3325 allata,
528 3263 577 3314 sed
594 3276 747 3328 perperam,
765 3278 830 3312 uum
848 3263 923 3316 alata
941 3265 1079 3330 signifiea-

114 3333 192 3384 tione
211 3331 310 3394 „oito“
332 3331 420 3382 utitur
437 3337 540 3380 noster.
592 3332 650 3380 244.
671 3331 735 3384 eod.
755 3331 815 3380 sibi.
871 3335 944 3392 Ι2411.
964 3347 1077 3398 emorg.

113 3406 179 3451 voto
197 3416 247 3464 pro
264 3399 325 3450 eod.
343 3402 418 3454 vota.
511 3400 570 3451 153.
601 3397 670 3459 Quis
688 3396 870 3460 Trojanorum
895 3405 937 3451 ost
958 3401 1077 3452 Nestore

112 3469 213 3518 notus?
265 3467 339 3518 ·263.
358 3481 391 3516 ex
408 3466 533 3531 margins
550 3481 613 3531 pro:
632 3465 807 3520 condordant.
