2616 4000
29 292 37 382 l

28 385 35 476 l

339 234 343 244 ·
449 219 512 288 nto.
532 238 567 292 v.
596 253 622 288 v.
641 238 787 289 aso-cro.
1041 235 1099 300 151
1148 194 1152 202 ¹

124 393 302 454 Foemineas
323 393 401 451 vires
423 407 478 466 ego
502 393 593 460 sensi,
617 397 706 470 tuque
729 391 848 458 t·iriles;

169 473 275 535 Nonne
297 473 399 555 liquet,
422 474 501 554 quod
525 476 567 535 sis
590 475 719 535 foemina
742 482 784 544 tu,
808 476 853 534 vir
876 474 949 550 egoi
1049 483 1102 534 ouo

124 558 234 628 Credo,
259 557 323 619 dies
345 558 489 619 hodierna
511 557 651 638 probabit
673 567 773 620 utrum
798 557 939 620 mulieres

170 645 237 706 Sint
261 643 335 704 haec
357 661 519 721 pensorum
543 640 673 716 turbida,
696 646 758 704 sive
781 661 889 704 meres.

28 799 33 806 ,
121 731 198 791 Tiro
221 730 260 788 sit
283 726 378 797 miles,
403 727 509 796 mulier
531 727 568 787 sit
590 727 730 794 foemina,
754 727 798 788 vir
821 745 898 796 mas,

167 811 220 874 llla
242 814 288 873 vir
310 817 360 874 aut
381 811 490 873 mulier
512 810 580 871 illei
602 812 717 872 referre
739 812 832 872 nolas.

124 899 159 960 ln
182 895 288 976 pelago
311 913 375 957 mea
398 895 495 957 cimba
518 894 581 965 luit,
605 905 702 958 tamen
725 899 841 974 integra
862 898 985 965 mansit;
1041 905 1093 954 595

169 979 328 1043 Fluctibus
351 981 381 1040 in
404 980 511 1040 mediis
534 990 578 1041 est
600 989 651 1041 tua
673 981 768 1041 lracta
792 981 874 1041 ratis,

125 1067 176 1128 Sis
198 1063 287 1142 hujus
310 1066 419 1126 virtute
441 1081 547 1125 manus
570 1063 684 1134 edocta,
708 1063 814 1144 puellis

169 1149 255 1220 Quod
279 1166 338 1209 non
361 1151 399 1210 sit
420 1157 515 1210 tutum
540 1147 616 1208 bella
639 1167 760 1210 movere
784 1150 862 1210 viris.

124 1232 264 1296 lmbelles
287 1235 367 1304 estis,
392 1232 441 1294 ubi
464 1239 535 1294 sunt
556 1250 629 1312 quas
651 1251 718 1294 esse
741 1233 869 1295 rebelles

169 1319 222 1379 Est
243 1327 295 1379 tua
316 1335 371 1396 per
393 1317 501 1378 multas
523 1317 626 1395 lingua
649 1316 746 1379 locuta
769 1319 865 1380 vices?
975 1301 977 1304 ¹
1043 1327 1110 1378 600,
1209 1357 1210 1360 κ

124 1403 254 1464 Portasti
278 1400 408 1479 gladium
432 1419 491 1461 non
513 1400 622 1472 lusum,
645 1401 712 1482 plns
736 1405 804 1481 quia
828 1403 892 1463 fuso

170 1487 242 1548 Fors
264 1485 405 1564 gladium,
430 1485 527 1563 gladio
550 1486 666 1546 vindice
689 1487 752 1548 insa
773 1491 865 1565 jaces.

123 1571 173 1633 Tn
197 1573 266 1648 quia
288 1569 467 1632 funebribus
489 1588 521 1630 es
543 1587 603 1630 non
626 1569 823 1633 muliebribus
846 1589 908 1644 usa,

170 1653 311 1717 Funebre
333 1655 394 1716 lers
414 1655 541 1735 pondus,
565 1673 625 1716 non
648 1654 798 1717 muliebre
820 1656 921 1716 decus.

125 1741 188 1802 linc
209 1741 272 1800 vice
294 1741 320 1800 si
343 1737 462 1819 specula
485 1757 545 1800 non
568 1739 679 1818 spicula
703 1741 786 1818 virgo
809 1739 948 1808 tulisses·
1043 1749 1097 1799 605¹

171 1823 274 1884 Telum
297 1840 356 1883 noo
381 1821 437 1884 tela
461 1823 554 1883 vivida
577 1825 656 1884 sorte
678 1824 767 1888 iores.

125 1898 219 1976 linem
244 1918 274 1968 et
296 1907 393 1969 adbuc
416 1907 545 1986 gladium
568 1910 690 1985 reginae
715 1909 858 1985 sanguine
881 1908 1005 1969 crudum

170 1991 398 2071 Quadrupedem
422 1991 577 2054 stimulans
599 1993 688 2052 mittit
710 1995 741 2052 in
765 2009 830 2052 ossa
855 1993 1017 2073 Phrygum.

125 2078 295 2138 Taenariae
317 2075 408 2137 limen
431 2079 507 2155 petit
529 2075 720 2137 irremeabile
743 2075 846 2154 portae

167 2162 255 2230 llaec,
280 2161 355 2222 vitae
379 2160 520 2222 claudens
543 2162 585 2222 sio
609 2163 793 2222 monimenta
816 2179 898 2221 suae.
1043 2171 1094 2220 610

315 2341 485 2412 [rnorem
507 2339 672 2395 socruum
694 2341 733 2396 m
758 2320 908 2410 unauna
985 2387 987 2392 .

127 2464 275 2526 Panditur
297 2465 442 2524 immenso
466 2462 608 2524 deformis
631 2467 775 2542 sanguine
798 2483 931 2546 campus,

168 2550 224 2610 llic
245 2548 326 2629 jacet
347 2549 464 2610 occisus
488 2546 652 2623 Dardanus,
676 2547 726 2608 hic
748 2548 876 2610 Danaus.

128 2635 288 2713 Postquam
311 2634 433 2710 reginae
458 2631 596 2693 viderunt
617 2633 722 2694 lunera
745 2633 862 2701 Teucri,

169 2719 312 2779 Protinus
335 2727 380 2776 est
401 2715 460 2776 illis
483 2734 591 2778 ancora
614 2725 701 2794 rupta
724 2718 796 2796 spei.

121 2802 290 2880 Complosis
312 2799 450 2862 manibus
472 2819 593 2879 campos
618 2800 778 2863 ululatibus
800 2799 936 2880 implent,
1047 2811 1097 2860 615

169 2885 292 2947 Labitur
314 2889 345 2947 in
369 2893 498 2946 moestas
520 2884 643 2947 lacrima
666 2885 746 2964 larga
771 2903 871 2963 genas.

124 2971 188 3032 Neo
211 2970 317 3031 modus
340 2977 386 3031 est
407 2969 548 3038 lacrimis,
571 2977 682 3041 rorant,
706 2969 861 3050 clypeique
881 2966 1041 3049 iubaeque,

167 3054 287 3116 Thorax
310 3073 325 3114 a
350 3055 470 3116 lacrima
493 3055 569 3115 sicut
592 3053 630 3115 ab
652 3053 750 3115 imbre
773 3053 901 3114 madent.

194 3325 253 3376 597.
274 3323 340 3376 (lod.
353 3324 469 3390 puellos.
522 3325 580 3375 606.
599 3325 657 3375 cod.
677 3324 758 3379 iores.
820 3323 1092 3375 waschelinus.

125 3392 198 3458 supi.
218 3392 267 3442 ait.
337 3393 396 3447 609.
415 3397 457 3442 est
476 3391 560 3443 Statii
578 3392 665 3442 Theb.
684 3393 708 3454 1,
720 3393 762 3446 96.
831 3392 889 3442 611.
910 3390 993 3441 Statii
1005 3391 1105 3446 Theb..

124 3458 160 3522 X,
173 3461 189 3510 5
208 3464 260 3522 est,
281 3475 315 3510 ex
333 3475 386 3524 qno
404 3459 465 3511 loco
478 3475 526 3525 pro
539 3459 626 3510 nostri
637 3459 785 3509 immensus
798 3460 939 3524 posuimus
951 3459 1095 3510 immenso.

122 3527 182 3578 ets.
203 3527 263 3578 cod.
282 3528 408 3593 campis·
465 3529 523 3581 etr.
544 3527 626 3578 Statii
644 3527 730 3578 Theb.
750 3527 796 3587 lv,
817 3528 857 3579 18.
