2616 4000
457 226 818 280 1.ib.tt.o.9e3-1u·20.¹
930 289 934 298 ,
1059 227 1126 293 165
1216 190 1219 198 ¹

153 376 212 437 Sed
235 374 306 438 licet
327 379 447 456 egregia
471 377 562 438 lacios
584 387 636 440 tua
658 387 810 460 computat
831 398 934 454 annos,

194 461 279 523 Intus
300 479 353 523 rex
376 460 486 542 aliquid
509 481 636 542 corpore
658 463 754 543 pluris
776 465 877 526 hahes.

139 545 283 608 ¹Consilio
305 546 396 626 pollet
417 546 466 606 cui
489 548 545 608 vim
569 556 674 610 nature
697 551 823 627 negavit,
1069 561 1119 610 995

197 628 235 692 Et
256 628 390 710 probitas
413 649 536 710 magnos
557 634 772 711 ingeniumque
795 634 872 696 lucit.

155 713 260 775 Omnia
283 714 434 784 labuntur,
458 715 499 777 nil
523 735 581 778 non
605 717 730 780 mortale
751 726 889 781 tenemus

197 798 331 861 Pectoris
353 803 487 881 exceptis
509 802 680 879 ingeniique
703 802 797 864 honis.

152 881 219 945 Non
242 891 291 945 tuu
315 886 461 962 tantisper
484 893 528 946 est
549 886 690 948 inclinatu
713 894 851 966 potestas,

197 968 238 1029 Ut
256 976 346 1048 ceput
368 968 493 1031 ulterius
516 987 574 1030 nou
597 970 730 1046 relevere
754 989 853 1049 queas

152 1051 227 1113 Sunt
251 1051 362 1131 populi,
387 1063 457 1116 sunt
479 1072 560 1114 arms
584 1054 648 1126 tibi,
671 1055 726 1116 tibi
749 1058 832 1135 copia
855 1074 968 1128 rerum,

167 1211 168 1215 Ἰ
193 1137 267 1198 Tota
290 1155 345 1199 nec
367 1139 485 1199 interiit
505 1157 637 1218 purpura
662 1139 741 1202 claro
765 1140 881 1202 ducum.

151 1221 227 1282 Shnt
249 1219 313 1292 tibi,
337 1231 406 1282 sunt
428 1223 528 1284 hostes
551 1227 632 1285 terro
655 1223 796 1304 claraque
819 1225 968 1297 domandi,

194 1305 283 1386 Spem
307 1309 442 1386 quumvis
465 1316 493 1369 et
516 1327 579 1369 rem
602 1308 688 1386 plebs
710 1318 799 1388 neget
821 1313 876 1371 iste
900 1309 962 1372 tihi.

152 1389 217 1450 Non
240 1389 332 1469 pudet
353 1393 486 1454 Antenor
507 1401 546 1462 te,
570 1393 648 1472 quod
672 1393 818 1455 vexillifer
841 1395 887 1455 his
910 1411 952 1464 es,

192 1474 316 1536 Vertere
338 1477 389 1556 qui
412 1475 532 1558 clypeos
556 1486 585 1538 et
606 1479 678 1540 dere
699 1487 783 1557 terga
807 1477 922 1539 solenti

150 1558 353 1636 Degeneres.
377 1562 402 1621 si
426 1560 591 1640 degeneres
613 1583 629 1624 a
652 1581 737 1624 more
759 1572 928 1642 parentum,

191 1642 258 1704 Nou
282 1662 316 1705 cu
341 1653 512 1708 nostrorum
536 1655 605 1708 sunt
627 1656 818 1708 monumenta
841 1655 969 1726 patrum.

148 1727 244 1790 humo
268 1727 442 1807 recolligere
466 1729 619 1811 populum,
643 1731 749 1793 sedero
771 1731 928 1792 tumultum

195 1811 305 1883 Debes,
330 1822 360 1874 et
381 1814 494 1894 peridis
517 1834 569 1876 cor
591 1834 731 1877 recreare
753 1835 872 1878 novum.

150 1895 211 1958 lllis
235 1898 314 1959 uniri
337 1917 396 1958 non
420 1906 466 1960 est
488 1900 643 1962 manifesta
665 1901 834 1980 phrenesis,

190 1981 354 2044 lutenduut
376 1992 508 2044 nostrum
532 1987 582 2064 qui
603 1985 740 2066 jugulare
755 1986 881 2064 gulam?

150 2065 216 2127 Non
239 2069 284 2128 sic
306 2068 449 2139 Antenor,
472 2087 531 2129 non
555 2073 613 2138 sic;
637 2070 688 2131 sed
712 2075 826 2132 amicus
848 2072 960 2140 amicis,

190 2149 229 2212 Et
250 2154 349 2213 socius
371 2155 468 2223 sociis,
492 2153 624 2228 hostihus
648 2154 743 2216 hostis
766 2158 836 2217 eris.

149 2234 274 2296 Consilii
295 2236 327 2297 lit
349 2255 464 2299 summa
486 2239 554 2309 mei,
578 2238 656 2318 quod
678 2240 724 2301 rel
747 2258 924 2320 superemur

191 2319 337 2382 Funditus
360 2339 376 2382 a
399 2322 521 2384 Graecis
542 2323 589 2384 vel
612 2341 789 2404 superemus
814 2343 876 2387 eos.

147 2405 205 2464 hut
227 2405 396 2466 evincamus
419 2416 471 2468 sut
491 2407 703 2469 occumbemus
725 2409 859 2482 honeste,

189 2488 316 2551 Mortem
338 2508 409 2560 uon,
433 2493 521 2552 vitam
543 2493 643 2552 virere
666 2493 732 2553 dico
755 2492 842 2554 male.

147 2571 186 2632 Et
206 2575 251 2634 sic
273 2573 450 2646 instimulat,
475 2583 665 2653 veteremque
688 2579 847 2640 resuscitet
868 2581 942 2640 iram

190 2657 338 2736 Principis
360 2660 601 2740 Amphimachus,
627 2660 704 2722 bella
727 2680 847 2723 movere
869 2674 961 2726 ratus.
997 2735 1000 2742 Ι
1050 2677 1117 2726 1020
1209 2717 1212 2724 r

147 2893 205 2944 995.
224 2893 324 2945 Geton.
343 2893 407 2949 dist.
424 2895 461 2957 11,
480 2898 504 2947 9.
567 2898 625 2947 996.
645 2896 696 2951 Or.
715 2897 794 2949 Pont.
812 2897 833 2960 Ι,
851 2901 875 2959 9,
894 2902 935 2949 39.
953 2900 1001 2951 scd
1020 2915 1061 2966 pr.
1080 2919 1115 2958 nr.
1219 2941 1220 2944 η

146 2959 165 3012 ἰ,
184 2976 208 3025 q.
226 2960 244 3010 f.
315 2964 373 3016 997,
392 2964 432 3017 98.
452 2962 502 3017 Ov.
521 2963 596 3017 Fect.
614 2965 663 3025 vl,
683 2967 741 3016 771.
761 2965 844 3016 Trist.
864 2965 915 3030 ΙΙΙ,
934 2970 958 3030 t,
975 2970 1017 3018 43.
1038 2973 1071 3020 44

332 3029 467 3094 Tempora
485 3031 624 3097 labuntur,
643 3033 683 3082 nil
701 3049 756 3085 non
773 3048 807 3082 m.
827 3037 846 3082 t.
866 3039 918 3084 etc.

147 3095 223 3146 1011.
240 3095 304 3146 Juv.
324 3101 409 3160 satyr.
427 3097 499 3161 XIV,
519 3100 567 3151 136
684 3111 687 3116 ·

202 3163 269 3214 Cum
288 3163 364 3215 luror
380 3163 455 3215 haud
474 3165 581 3230 dubius,
600 3183 661 3218 cum
680 3169 717 3218 sit
734 3167 880 3218 manifeste
897 3167 1050 3234 phrenesis.

147 3231 220 3282 1018.
239 3229 413 3295 (Maximien)
431 3232 455 3295 Ι,
472 3234 523 3285 965

185 3347 194 3362 ,,
255 3299 343 3350 Morte
362 3300 429 3349 mori
448 3300 557 3368 melius,
577 3317 655 3366 quam
675 3304 760 3353 vitum
780 3301 880 3354 ducere
898 3305 1001 3360 mortis.
