2618 3984
458 211 520 265 Lib.
538 211 585 263 rr.
620 227 646 264 v.
666 184 809 264 ana-nac.
859 224 865 233 ·
1058 207 1119 274 109

178 363 333 426 luterens
356 362 461 424 humili
483 362 598 442 singula
622 362 711 425 verba
734 363 811 426 stilo.

147 449 291 512 Aeacides
306 449 408 510 -llexus
432 448 605 528 alloquitur:
631 449 886 526 odgamemnonl

193 535 294 600 Miror,
319 536 367 603 ait,
392 540 523 594 nostram
546 540 576 593 tc
597 533 724 594 subiisse
748 533 879 596 casam(
1068 544 1119 593 230

149 619 194 680 dd
217 627 246 678 te
269 637 317 693 me
339 620 437 697 potius
459 619 562 678 invitat
583 616 686 696 regula
709 620 793 687 recti,

195 703 266 765 Cum
289 720 344 763 rex
368 701 491 772 dicaris;
515 705 570 762 sim
595 719 712 782 quoque
736 703 818 762 miles
841 720 906 780 ego.

148 786 214 850 Sub
235 785 340 848 labaro
364 783 487 867 prodire
509 795 592 848 tuum
616 805 669 848 rex
692 790 791 867 poscis
813 785 966 858 Achillem,

192 871 255 948 Reu¹
278 873 336 949 pie,
360 874 528 932 moestitiae
550 873 732 950 compatiare
754 890 849 936 meae.

150 956 312 1018 Incolumis
331 955 437 1016 leviter
460 973 531 1034 ergo
553 955 658 1037 solatia
680 955 813 1033 praebet,
1068 962 1117 1015 235
1167 1009 1169 1022 ‚

160 1076 166 1082 ·
193 1040 255 1101 Nec
278 1042 376 1101 minus
397 1043 534 1102 infirmus
555 1042 645 1101 sentit
667 1041 703 1100 ad
727 1058 814 1101 omne
837 1039 956 1102 malum.
984 1037 987 1042 ’

149 1125 298 1186 Vulneror
321 1134 350 1186 ct
372 1124 504 1186 clausum
528 1133 616 1203 porto
640 1125 703 1196 sub¹
717 1134 840 1204 pectore
863 1123 964 1196 telum,

192 1209 258 1272 Non
281 1208 370 1270 habet
391 1213 421 1270 in
445 1210 525 1270 laeso
549 1227 676 1288 corpore
698 1227 797 1289 pugna
819 1209 944 1272 locum..

148 1292 220 1354 Dira
244 1291 347 1355 dolens
370 1297 487 1354 animus
510 1313 570 1355 non
593 1301 639 1355 cst
660 1295 691 1354 in
715 1292 792 1356 bella
814 1293 988 1366 trahendus,

194 1377 310 1440 Debent
331 1380 520 1456 magnanimo
542 1377 656 1458 proelia
679 1379 768 1440 corde
792 1380 865 1458 geri.
1068 1390 1118 1440 240
1195 1381 1198 1390 '

149 1461 287 1523 Vulneris
310 1462 339 1523 id
361 1481 454 1540 genus
478 1469 530 1532 est,
555 1462 638 1539 quod·
658 1482 726 1524 cum
749 1462 879 1526 sanabile
903 1482 962 1525 nou
985 1466 1023 1524 sit

191 1545 253 1607 Nec
275 1565 336 1608 nou
358 1548 479 1609 tractari
501 1549 594 1608 tutius
616 1565 683 1609 esse
705 1557 787 1628 puto.

146 1630 349 1710 Myrmidones
371 1630 425 1692 tibi
448 1635 534 1694 mitto
556 1650 654 1700 meos;
678 1633 762 1700 milri,
785 1633 914 1712 postulo,
937 1651 1057 1712 pareas;

191 1715 257 1776 Non
279 1721 393 1794 potero,
417 1717 571 1795 princeps!
594 1713 652 1778 hac
674 1718 737 1777 rice
761 1715 837 1778 bella
860 1719 954 1797 sequi.

146 1800 211 1861 Nec
232 1799 406 1871 voluitrcx,
431 1819 486 1861 uec
509 1802 605 1880 potuit
627 1819 679 1863 reu
702 1819 812 1880 angere
834 1810 991 1873 moestum,
1067 1813 1117 1862 245

191 1883 297 1945 Grates
318 1883 469 1964 persolvit,
492 1887 522 1946 in
545 1903 598 1947 sua
621 1897 718 1947 castra
739 1886 828 1947 redit.

152 2075 154 2080 “
210 2065 384 2120 ACHILLES
402 2067 443 2121 IN
460 2065 534 2122 HOC
552 2067 668 2122 BELLO
687 2068 818 2122 MANET
836 2068 877 2123 IN
895 2067 1053 2123 casuum.

146 2172 209 2232 lam
231 2189 304 2250 vaga
327 2191 378 2233 sex
399 2172 515 2234 vicibus
537 2191 592 2252 per
615 2192 736 2254 campos
759 2173 828 2234 luna
850 2173 972 2244 volarat,

191 2255 251 2316 lam
274 2259 521 2334 pertransierat,
543 2255 601 2336 jam
624 2261 670 2320 vir
692 2261 723 2319 in
747 2277 829 2319 arma
852 2258 937 2328 volat,

148 2340 212 2401 lam
235 2338 344 2402 luctam
367 2343 426 2402 lert
446 2359 544 2420 pugna
567 2361 681 2412 novam,
706 2362 775 2404 cava
800 2361 910 2404 cornua
933 2344 1026 2404 sortes

193 2425 321 2486 Invitant
342 2425 468 2506 pugiles,
492 2445 616 2504 surgere
640 2431 724 2506 signa
748 2427 838 2488 rides.
1067 2437 1118 2486 250

149 2509 200 2570 Sic
222 2511 302 2571 acies
324 2513 386 2571 ruit
408 2513 438 2570 iu
462 2514 550 2580 acies,
574 2513 616 2572 sic
640 2512 718 2572 ensis
740 2514 772 2571 in
796 2529 907 2580 ensem,

193 2593 279 2654 Sicut
300 2612 372 2675 aper
395 2595 520 2656 validum
545 2595 632 2656 dente
654 2593 780 2656 bisulcat
803 2613 917 2673 aprum.

146 2677 307 2757 Postquam
329 2679 529 2760 Myrmidones
551 2680 634 2740 serus
655 2681 830 2740 informarat
850 2680 988 2750 Achilles,

190 2763 234 2822 dd
258 2761 368 2825 bellum
393 2762 505 2825 celeres
529 2763 640 2840 dirigit,
663 2768 728 2844 ipse
750 2772 860 2824 manet.

147 2845 251 2923 Pugna
275 2849 307 2907 lit
329 2855 358 2908 et
378 2864 477 2927 pugna
501 2847 576 2919 talis,
601 2852 686 2928 quasi
709 2857 740 2909 tn
764 2847 940 2910 furibundos
1041 2837 1115 2908 '255

191 2930 230 2991 Se
253 2933 491 2995 commordentes
512 2935 664 2995 intuerere
687 2951 787 2994 canes.

217 3169 275 3217 233.
294 3185 308 3218 e
327 3169 451 3236 margine
469 3187 518 3236 pro
538 3171 638 3235 posuis.
708 3171 767 3221 237.
785 3167 921 3234 Pamphil.
940 3170 961 3226 Ι,
983 3171 1004 3219 l.

249 3237 385 3288 Vulneror
404 3243 432 3289 et
450 3238 627 3304 clausumque
645 3237 701 3288 foro
720 3237 771 3288 sub
790 3243 901 3304 pectore
920 3237 1013 3302 telum,

152 3314 159 3324 ·
216 3303 274 3352 241.
292 3306 333 3354 42.
353 3306 403 3360 Ov.
423 3307 504 3358 Pont.
524 3309 560 3368 11,
579 3311 603 3370 2,
622 3309 663 3356 59.
683 3308 715 3357 60

216 3369 345 3424 Vulneris
363 3373 390 3424 id
409 3389 496 3440 genus
516 3379 566 3436 est,
586 3375 658 3440 quod
677 3388 738 3424 cum
756 3372 882 3424 sanabile
900 3389 956 3425 non
975 3375 1021 3438 sit,

249 3437 310 3490 Non
329 3445 495 3493 contrectari
513 3444 601 3494 tutius
621 3457 682 3494 esse
700 3445 803 3506 putem.

148 3505 208 3560 251.
226 3505 337 3573 Morgor
355 3511 454 3575 Pugna
471 3511 573 3564 XVIII.
