2616 3980
559 216 710 268 Praefatio.
936 191 937 194 Ἴ
1069 233 1123 280 vn

157 375 187 428 et
202 362 481 446 ἅποσπασμάτιον
493 371 628 430 novimus
644 377 671 430 et
686 378 874 431 transeamus
890 370 949 441 ad,
952 369 1121 441 ,Troilum“

157 469 246 531 quem
271 449 307 512 ah
329 451 451 513 Alberto
473 455 631 532 scriptum,
663 472 730 514 cum
759 472 795 514 ex
818 453 1096 534 inscriptionibus'
1088 473 1119 514 ιιι

158 535 256 644 ironte
280 539 370 598 totius
393 539 492 615 operis
514 545 603 616 atque
625 547 692 599 aute
714 539 900 618 prooemium
923 538 1063 620 adjectis:

173 622 398 690 decessus
389 640 420 681 m
444 621 577 682 Troilum
600 625 734 698 magistri
756 621 891 684 Alberti“

199 703 329 783 „incipit
350 707 536 784 prooemium
552 708 581 766 in
598 706 730 768 Troilum
748 707 882 782 magistri
896 704 1009 768 Alherti
1024 705 1118 767 abha-

242 791 280 850 tis
309 789 436 850 Sanctae
464 789 571 852 Mariae
597 793 634 850 in
662 791 780 860 stadio,
813 794 865 906 qui
893 799 997 868 postea
1024 792 1121 852 iactus

241 879 287 934 est
307 872 401 934 lralcr
424 875 541 934 minoru

156 961 218 1028 turn
242 977 278 1018 ex
301 958 366 1019 loco
388 960 528 1018 carminis
557 957 617 1037 (lib.
640 958 726 1018 Vir
751 955 813 1020 oio
836 961 913 1038 sqq.)
937 967 1075 1039 apparet.

200 1040 352 1118 „Virginis
375 1060 391 1101 a
413 1050 500 1120 partu
523 1042 580 1102 duc
604 1061 698 1103 annos
720 1041 800 1102 mille
823 1042 968 1103 ducentos

244 1126 280 1186 Et
302 1125 509 1204 quadragenos
530 1126 578 1186 hle
600 1127 741 1187 sociando
763 1145 879 1192 novem,

199 1211 345 1271 Prodiit
337 1208 498 1284 culmem,
521 1217 593 1271 tunc
615 1203 711 1271 editus
732 1209 783 1270 illc
806 1211 934 1280 libellus,
1014 1281 1016 1285 .

241 1293 335 1364 Quam
359 1297 451 1355 miser
474 1301 519 1355 est
542 1295 699 1356 mundus·
691 1296 842 1356 insinuare
866 1292 976 1356 voleus

87 1413 91 1418 ·
200 1377 313 1440 Forsan
338 1379 423 1440 adest
410 1378 553 1456 taliquis
576 1381 723 1456 dicetque,
747 1381 813 1458 quis
836 1377 928 1439 edidit
950 1380 1053 1440 illumi

206 1519 210 1526 .
241 1463 299 1523 lsta
322 1465 491 1543 requirenti
512 1463 640 1524 reddere
661 1463 751 1524 verba
772 1470 867 1540 potes.

197 1545 360 1608 Ecclesiam
382 1548 440 1609 scis
461 1549 492 1606 in
516 1547 627 1618 Stadio,
650 1566 738 1626 quam
760 1549 890 1626 protegit
911 1546 972 1616 alis,

240 1631 314 1692 Nam
338 1639 428 1710 caput
450 1639 495 1692 est
517 1632 589 1712 equs,
614 1634 696 1708 virgo
718 1631 805 1692 beata
829 1635 901 1692 suis

197 1715 255 1786 Qui
277 1715 425 1776 scribens:
449 1717 480 1774 in
502 1717 652 1794 prlocipio
676 1715 798 1776 verbum
822 1734 893 1776 caro
916 1717 1028 1777 iactum

239 1797 365 1868 intonet,
388 1799 530 1858 illius-ad
552 1800 628 1860 latus
649 1799 700 1858 ille
723 1797 809 1859 volat.

197 1881 311 1942 Prodiit
333 1901 369 1942 ex
390 1881 482 1942 rutilo
504 1900 609 1943 roseus
630 1880 715 1942 locus
737 1881 786 1941 ille
809 1888 918 1950 roseto,

240 1965 371 2042 logenua
392 1973 518 2026 matrem
537 1965 692 2048 „nobilitate
716 1982 854 2042 sequens.

199 2048 249 2110 Sic
271 2049 406 2110 lloreudo
431 2053 540 2127 vigent,
564 2058 594 2110 ut
617 2049 718 2119 odore,
742 2048 851 2120 colore,
873 2067 980 2128 sapore

241 2133 399 2211 Nunquam
422 2135 614 2212 degenerent,
639 2135 687 2198 hic
710 2134 805 2194 trihus
828 2132 917 2194 ambo
939 2134 1066 2212 placent,

199 2219 387 2298 Splendescit
410 2220 519 2279 virtute
543 2216 635 2286 color,
659 2217 855 2298 doctrinaque
877 2235 1003 2295 pascens

240 2304 292 2364 Est
314 2320 402 2382 sapor
425 2311 456 2364 et
477 2303 573 2363 lamae
596 2303 727 2364 balsama
749 2305 862 2382 spargit
885 2303 967 2364 odor.

198 2387 343 2449 Abbatem
366 2389 442 2448 uosti
465 2388 625 2456 Tirricum,
650 2389 698 2448 cui
719 2388 803 2448 dedit
825 2386 894 2447 olim

241 2470 390 2534 Ecclesiae
413 2471 510 2533 dictae
532 2473 614 2550 virgo
636 2472 844 2551 patrocinium.

201 2558 255 2626 Cui
277 2558 369 2617 virtus
392 2559 520 2618 animam
543 2557 674 2626 decorat,
698 2557 836 2617 facundia
859 2554 1001 2634 linguam,

182 2698 187 2706 .
241 2640 414 2721 Dapsilitate
437 2643 521 2710 nitet,
548 2641 673 2701 utilitate
696 2641 780 2700 viret.

199 2726 252 2788 llle
274 2741 344 2785 suos
365 2726 516 2805 quondam
540 2743 600 2786 non
623 2724 746 2786 ultimus
768 2726 846 2785 inter
869 2726 978 2786 anticos

240 2815 315 2873 Ante
338 2809 433 2871 virum
458 2807 556 2878 talem,
580 2811 629 2889 qui
653 2809 720 2870 tulit
743 2807 807 2888 ejus
830 2827 914 2878 onoc,

198 2895 297 2957 Edidit
318 2893 398 2954 hunc
419 2902 503 2955 serto
526 2895 643 2955 finitum
665 2911 767 2954 mense
789 2891 933 2962 libellum,

242 2981 294 3042 Cui
316 2986 413 3039 tamen
428 2978 493 3041 lroc
516 2988 634 3057 tempus
656 2995 784 3057 syncopa
808 2978 898 3038 multa
923 2979 997 3038 tulit.

198 3065 336 3127 Correxit
357 3064 512 3141 pigritans.
536 3062 634 3123 Labor
656 3064 714 3133 hic,
738 3081 827 3142 quam
849 3062 981 3123 scrihere
1003 3062 1099 3142 major

240 3152 277 3211 At
299 3155 452 3209 corrector
474 3149 528 3207 ait:
552 3147 612 3207 sint
635 3155 684 3207 tua
709 3149 793 3225 siqua
818 3145 945 3207 valent.“

241 3235 294 3294 llis
324 3230 474 3301 versibus,
506 3249 591 3292 more
619 3230 699 3292 illius
727 3232 844 3300 aetatis.
878 3247 986 3291 nomen
1017 3242 1120 3294 auctor

153 3315 356 3386 abscondidit,
388 3316 466 3394 quod
494 3324 595 3376 tamen
625 3315 700 3376 duce
729 3312 862 3392 catalogo
890 3312 1031 3374 abbatum
1054 3317 1119 3377 Sta·

131 3401 292 3463 densium
323 3401 449 3462 faciliter
471 3400 538 3461 erui
561 3402 670 3479 potuit,
695 3416 762 3460 nam
786 3397 990 3459 Theudoricus
1012 3398 1120 3479 (Timi-

154 3487 220 3566 cus)
244 3487 387 3548 successit
410 3494 511 3546 nostro
534 3483 654 3545 ailberto
677 3483 776 3544 abbati
801 3479 891 3542 1242.
937 3481 1051 3544 Nomen
1072 3485 1119 3546 tt·
