2616 4000
368 161 402 222 A
442 174 505 230 nn.
524 173 557 229 v,
585 190 612 228 v.
629 175 774 226 ose—lor.
939 111 953 160 ’ἱ
1034 171 1094 236 lli

203 307 210 318 ¹
280 320 462 392 [PYRRHUS
480 318 735 378 ADHORTA'I'UR
753 319 941 393 GRAECOS]

123 429 220 490 Porro
242 427 398 490 foemineis
421 425 519 489 illatos
542 427 655 489 viribus
676 430 749 506 Argi

168 508 299 572 lnsultus
320 510 391 572 belli
414 514 461 572 vir
483 521 609 592 potuere
630 516 710 590 pati;
1171 579 1174 583 ,

125 597 305 658 Retrorsum
329 604 446 658 vertere
467 597 603 674 gradum,
625 595 686 675 jam
707 595 829 677 jamque
852 596 997 677 parabant
1045 605 1096 655 465

167 680 251 740 Vitae
274 680 421 757 praesidia
444 699 567 760 ponere,
590 689 673 759 terga
698 681 780 742 dare.
1072 707 1074 710 ·

124 765 192 836 Quo
213 765 310 835 ruitis,
334 765 424 844 pilata
447 765 573 827 cohors?
596 765 762 827 inclamitat
784 764 851 826 altis

169 848 297 910 Vocibus
319 848 373 910 hos
395 849 544 930 Pyrrhum
567 859 615 911 est
635 852 705 929 luga
728 851 842 928 grande
864 849 974 930 scelus.

123 933 151 996 Ο
172 931 259 995 miles
281 935 333 1013 qui
356 933 460 995 militia
483 934 641 1015 gladioque
664 937 792 996 resultas

167 1016 290 1079 Militiae
314 1017 443 1088 titulum,
468 1018 538 1098 quid
562 1019 701 1098 lugiondo
724 1020 824 1099 luges!
993 1047 994 1050 ¹
1044 1029 1095 1078 470

127 1100 280 1164 Olamuli
302 1105 419 1183 turpes!
443 1121 561 1165 serrum
584 1121 688 1184 pecus,
712 1103 823 1184 absque
847 1122 955 1164 eruore

169 1186 283 1256 Fortes,
308 1183 457 1249 debilibus
480 1191 579 1267 turpia
602 1195 686 1267 terga
709 1188 802 1249 datis?

122 1273 307 1333 Immensum
329 1273 402 1333 sooli
425 1272 522 1334 scelus
545 1273 692 1350 estluga,
715 1274 843 1334 crimine
866 1273 970 1349 quovis

169 1355 298 1418 Credere
312 1355 438 1438 ‘debetis
460 1358 577 1436 turpius
600 1375 665 1418 esse
687 1358 807 1436 ingemi
1177 1421 1181 1428 Δ

124 1441 259 1502 Buooina
282 1459 335 1501 our
358 1443 474 1520 signnm
498 1442 548 1502 dat
570 1439 648 1502 bello
671 1460 762 1503 rauca
785 1450 953 1512 cruentum,
1045 1451 1096 1500 475

168 1525 201 1586 Si
223 1523 360 1586 volumus
383 1527 453 1587 risis
476 1525 599 1587 ensibus
621 1528 667 1587 ire
690 1525 830 1587 domum?

124 1609 271 1670 Foetidns
292 1616 337 1671 est
359 1610 484 1687 fugiens,
509 1612 643 1690 vitiosus,
667 1612 763 1690 turpis
786 1622 817 1671 et
839 1611 934 1680 exlex,

169 1693 292 1754 Militiae
314 1710 438 1755 consors
459 1692 587 1773 amplius
610 1713 675 1756 esse
698 1699 810 1776 nequit.

122 1777 228 1841 Militis
250 1796 267 1838 a
290 1777 389 1840 tabula
412 1779 595 1840 tenedum
618 1781 773 1858 principis,
796 1800 813 1841 o
836 1781 887 1859 qni

169 1862 297 1940 Fugeris
319 1865 350 1922 in
374 1861 463 1933 bello,
489 1863 608 1924 mandat
630 1864 713 1926 abire
737 1863 826 1942 luga?
1044 1833 1095 1921 tto
1176 1955 1177 1958 Ἴ
1247 1857 1252 1868 “

126 1947 159 2008 Si
181 1945 264 2008 filum
287 1954 372 2008 neret
394 1947 484 2009 hodie
507 1948 562 2008 tibi
587 1947 692 2009 Clotho
716 1964 900 2028 supremum,

129 2041 130 2044 ’
169 2033 276 2110 Aptius
299 2050 315 2092 a
338 2048 438 2111 pugna
461 2050 550 2111 quem
573 2033 690 2112 rapiere
713 2034 801 2111 luga?

127 2116 170 2176 ld
193 2114 318 2194 pelagus
341 2134 409 2177 oum
431 2119 575 2178 veneritis
598 2119 670 2197 quid
695 2118 817 2197 posteat
839 2125 922 2178 vasto

166 2199 256 2261 Ibitis
278 2209 347 2262 ante
369 2199 434 2261 dies
456 2219 508 2262 ros
531 2202 668 2282 sepelire·
684 2204 772 2263 lreto.

124 2283 223 2346 Fidite
247 2302 285 2344 ne
308 2283 444 2363 pedihus,
468 2285 550 2346 lerro
572 2285 737 2364 rumpenda
760 2305 815 2366 per
838 2284 939 2346 hostes
1045 2294 1095 2343 485

171 2369 226 2430 Est
248 2371 305 2444 ria,
329 2369 368 2429 sit
390 2373 525 2448 quamvis
548 2369 659 2431 densus
682 2368 793 2448 ubique
816 2368 930 2447 globus.

125 2453 216 2514 Deest
238 2451 298 2532 jam
320 2461 402 2514 terra
423 2455 522 2531 lugeo,
546 2452 669 2532 pelagus
690 2457 855 2533 patriamve
876 2461 1021 2532 petemus,

171 2537 278 2615 Magno
301 2555 357 2598 nos
379 2536 488 2598 olaudit
512 2537 599 2600 obioe
621 2537 735 2616 grande
758 2537 864 2600 salum.

125 2620 240 2683 Vertite
263 2621 450 2700 cornipedes,
473 2622 624 2700 laoiesqne
646 2622 782 2695 [orantur
804 2625 836 2683 in
858 2622 969 2692 hostes,

167 2705 263 2766 Enses
285 2707 403 2783 erigite,
426 2705 549 2768 vulnera
573 2707 655 2786 larga
678 2707 755 2768 date.
1043 2715 1094 2765 490

121 2789 189 2851 Jom
210 2791 334 2868 fugient,
358 2792 410 2870 qui
433 2790 511 2851 lorte
534 2793 646 2868 fugant,
670 2792 793 2853 victoria
817 2798 918 2852 nostra

193 2992 253 3042 lot.
272 2992 351 3057 Virg.
368 2987 435 3047 Aen.
453 2991 514 3054 ΧΠ,
533 2995 591 3046 31¹2.
610 2994 643 3044 13

327 3085 359 3095 -
377 3085 412 3097 -
430 3063 512 3124 etque
530 3075 595 3111 suos
614 3059 732 3111 clamore
750 3059 876 3121 vocabat,

228 3125 288 3189 Quo
306 3128 405 3177 ruitis?

327 3193 417 3249 (lualt.
435 3193 513 3245 Alex.
531 3196 569 3258 11,
586 3194 635 3246 381
656 3211 696 3260 sq.

228 3262 288 3325 Quo
306 3263 387 3313 ruitis
405 3262 531 3328 peritura
548 3265 666 3313 manus?
680 3263 850 3327 juvenemne
868 3262 975 3326 putatio

225 3329 365 3381 Invictum
384 3331 481 3395 lugere
498 3330 582 3396 huno,
602 3332 649 3396 qui
668 3330 764 3396 quovis
784 3330 899 3380 erimine
918 3328 1008 3380 credit
1103 3353 1104 3358 =

227 3396 347 3462 Turpius
364 3413 425 3448 esse
445 3397 550 3464 fugam.

118 3463 183 3514 488.
201 3461 293 3517 Senot.
311 3465 361 3517 sal.
381 3480 466 3516 mare.

837 3547 887 3600 10‘
