2616 4000
467 153 529 203 usa.
549 155 581 205 V.
606 166 642 210 ··v.
661 156 814 208 sca-nso.¹
1055 157 1115 223 157

189 303 278 365 Parte
301 305 365 365 lere
387 305 484 366 media
506 324 540 365 re
563 307 738 368 tribulamur
762 327 805 372 ea.
928 379 929 385 ἵ

144 388 229 448 i‘one
252 388 321 467 quid
345 391 466 467 iugenio
489 391 620 469 rigamus
642 391 835 473 consilioque,

182 471 330 534 Pluribus
353 482 492 534 occurret
513 474 662 553 quomodo
685 493 778 554 pauca
801 479 927 539 manus?

147 556 214 617 Non
239 556 328 618 habet
349 558 428 619 unde
451 576 536 619 suum
560 568 720 638 paupertas
742 570 845 639 pascat
867 579 1009 632 amorem,
1064 573 1114 624 700

190 641 271 702 Bella
295 641 393 722 brevis
415 660 559 704 numerus
581 661 641 705 non
665 643 755 706 habet
776 647 857 706 unde
879 655 988 724 gerat,

146 725 224 786 Hinc
247 728 272 788 si
294 726 442 804 prodierit
462 726 587 788 illustris
608 727 693 789 miles
716 730 744 790 in
766 731 863 805 Argos

189 810 267 882 Quot
289 812 341 890 qni
362 811 553 889 praecedent,
578 815 666 892 quire
689 822 860 893 sequentur,
885 816 992 876 erunt?

143 896 223 956 'Tum
247 894 324 956 bene
346 896 431 956 lortis
455 913 550 974 equus
570 903 704 957 reserato
726 915 847 958 carcere
870 901 980 969 currit;

189 979 287 1051 Quum
310 997 386 1059 quos
407 988 585 1058 praetereat,
609 999 740 1061 quosque
763 989 912 1062 sequatur,
935 982 1034 1047 habet.
1064 995 1114 1045 770
1216 1051 1218 1056 ,

142 1066 281 1126 audaces
302 1065 335 1125 lit
356 1083 410 1143 per
433 1066 512 1126 acics
534 1065 675 1126 audacior
697 1066 801 1132 audax.

191 1150 314 1214 Sarcina
338 1148 437 1209 reddit
458 1167 533 1210 onus
555 1151 749 1228 praecipitata
771 1151 880 1212 minus.

147 1233 263 1311 Pendet
284 1234 315 1291 io
338 1231 385 1294 his
407 1236 523 1312 patriae
545 1251 602 1313 pax
626 1241 655 1294 et
677 1237 800 1295 victoria
823 1233 940 1313 Troiae,

189 1317 270 1388 Quos
291 1314 363 1378 tulit
384 1319 413 1378 in
437 1325 538 1396 portas
560 1337 614 1398 pes
635 1318 778 1396 fugitivus
800 1320 875 1380 heri.

147 1402 193 1461 En
216 1401 294 1480 quod
317 1405 348 1462 iu
371 1402 500 1462 audaces
522 1420 582 1462 non
605 1411 650 1462 est
672 1403 795 1465 audacia
818 1409 881 1465 tuta
1062 1416 1112 1465 770

191 1485 354 1556 Sensimus,
379 1485 418 1546 ob
441 1485 521 1554 belli,
545 1487 625 1568 quod
647 1486 820 1566 toleramus,
844 1506 928 1549 onus.

146 1567 363 1643 Ouismantos
384 1570 537 1632 revocabit
558 1573 628 1631 item
652 1571 842 1649 gladiumque
864 1570 975 1634 levabit

188 1654 331 1716 Hostibus
354 1658 384 1714 iu
404 1655 540 1736 jugulum
563 1655 620 1716 vlle
642 1657 725 1734 piare
748 1655 909 1735 probrum?

146 1740 304 1818 Egregium
327 1758 438 1818 corpus
459 1747 505 1799 est
526 1742 611 1817 regni
634 1748 726 1819 tuque
747 1743 864 1817 tuiquc;

189 1823 295 1884 Nobile
318 1834 349 1883 tu
372 1821 461 1903 caput
483 1843 524 1891 es,
548 1823 650 1885 inclita
674 1823 809 1885 membra
831 1827 885 1884 tui.
1061 1835 1113 1886 780

144 1909 204 1970 Sed
228 1926 353 1970 numero
375 1908 465 1985 longo
487 1908 548 1970 lato
571 1908 734 1987 gaudemus
756 1916 786 1970 07
806 1908 875 1977 0170,

189 1993 353 2073 Tamquam
376 1995 504 2054 victores
526 2002 681 2072 compotus
701 1992 752 2053 ille
774 2000 865 2054 creet.

79 2149 84 2156 ,
146 2077 189 2138 Te
212 2095 371 2138 numerosa
394 2077 521 2155 phalanx
544 2079 725 2147 circumstat,
750 2086 779 2139 et
802 2095 871 2138 ecce
894 2076 1028 2140 videmus

190 2162 222 2222 ln
246 2161 477 2241 portabamus,
502 2179 589 2222 nomo
613 2160 730 2241 repellit
753 2179 812 2222 eos.

148 2247 208 2308 Nos
230 2264 372 2306 numerus
394 2249 509 2316 sumus}
532 2253 561 2306 et
582 2246 685 2324 lruges
707 2264 882 2308 consumere
906 2248 976 2316 nati,
1061 2258 1110 2307 780
1198 2319 1201 2324 Ι

192 2330 258 2392 Non
281 2332 333 2409 qui
356 2329 515 2391 delendant
536 2330 628 2392 limen
651 2330 688 2390 ab
711 2332 796 2392 hoste
818 2333 886 2392 viri.

149 2413 214 2476 Non
239 2413 292 2474 tibi
314 2415 365 2475 sed
389 2414 474 2476 nobis
496 2413 641 2476 incumbit
663 2417 777 2476 crimen
800 2414 838 2485 id,
862 2433 880 2475 0
902 2415 968 2475 rexi

188 2499 294 2560 Effecit
316 2498 477 2560 tremulum
500 2517 552 2560 cor
574 2497 643 2577 luga
667 2508 768 2560 nostra
790 2505 884 2560 tuum.

146 2582 283 2644 Consiliis
305 2602 337 2644 es
359 2584 477 2645 auxiliis
498 2583 670 2644 laudandus
685 2592 713 2644 et
736 2582 834 2653 armis,
999 2629 1002 2636 ,

188 2667 292 2727 Stabat
313 2666 368 2728 sub
391 2666 489 2746 gladio
511 2671 607 2747 patria
630 2675 694 2728 tuta
716 2678 777 2729 tuo.
913 2697 934 2724 ι
1059 2679 1148 2744 700Ι
1232 2705 1250 2728 a

215 2903 273 2954 765.
292 2902 374 2955 Ovid.
393 2903 469 2957 Rern.
487 2904 546 2958 748.
613 2904 672 2953 769.
691 2905 731 2954 70.
750 2901 830 2956 Orid.
843 2902 919 2953 Ram.
931 2904 989 2964 595,
1010 2919 1044 2955 ex
1057 2919 1110 2971 quo

145 2969 205 3021 1000
223 2985 271 3036 pro
290 2970 379 3020 nostri
396 2975 469 3033 7000,
489 2971 559 3034 dum,
578 2971 720 3036 posuimus
732 2973 797 3032 tum,
815 2983 906 3034 quum.
959 2973 1019 3025 777.
1038 2972 1109 3038 (Ma-

146 3037 293 3100 ximianus)
312 3036 390 3102 Eleg.
407 3040 441 3100 V,
460 3040 493 3089 70

246 3106 411 3156 Intermissa
428 3107 518 3156 minus
535 3105 647 3156 sarcina
665 3105 771 3170 pondus
788 3105 873 3155 habet

148 3177 176 3222 et
193 3171 288 3228 Senot,
307 3187 390 3223 earm.
408 3172 496 3229 170001.

246 3241 284 3291 Et
302 3240 392 3292 divisa
410 3242 499 3292 minus
517 3242 626 3292 0000700
644 3238 675 3290 177
692 3243 794 3305 gravis.

147 3309 203 3358 7717.
220 3309 271 3360 Or.
290 3307 358 3358 Met.
375 3309 409 3373 X,
428 3311 479 3360 544

297 3403 328 3412 -
348 3402 380 3411 -
398 3378 427 3427 in
444 3377 562 3427 audaces
580 3391 635 3426 000
654 3379 697 3425 007
716 3373 834 3424 andacia
852 3379 922 3425 tuta.

147 3444 203 3494 678.
221 3443 308 3496 schol.
328 3443 412 3508 fugae
423 3449 534 3496 nostrae
546 3442 665 3495 00717007.
719 3443 777 3496 785.
796 3443 892 3492 Horat.
902 3441 991 3507 Epist.
1001 3443 1022 3508 1,
1033 3447 1107 3507 727.
1148 3433 1156 3482 '-
1291 3515 1292 3522 ἵ
