2616 3980
553 190 707 242 Praefatio.
1075 201 1114 249 χι

148 350 245 410 fusius
273 354 301 407 ct
328 343 471 426 prolixius
499 344 535 404 de
559 342 756 404 Amazonibus
781 343 947 405 secuudum
975 341 1112 404 Orosium

150 433 300 513 ioquitur:
483 441 487 446 ’

171 531 259 602 „Non
281 548 364 592 meus
386 531 434 592 hic
456 549 565 606 sermo,
587 537 714 591 testatur
737 528 859 591 Orosius
879 529 945 599 ista,

215 615 304 696 Cujus
327 614 438 677 habent
460 617 577 694 plenam
601 615 716 693 singula
739 613 830 674 verba
854 613 973 674 iidem“.

240 734 282 795 De
305 729 498 794 Penthesiiae¹
516 741 654 803 sornatu,
684 731 779 792 iorma
808 741 837 792 et
865 731 974 808 figura,
1003 728 1114 809 majore

154 827 186 879 ut
208 819 322 880 videtur
344 818 452 896 gaudio
476 823 505 876 et
527 817 617 886 tudio,
642 835 730 897 quarn
753 813 864 876 elerico
884 823 1009 894 parcet,
1033 821 1063 874 et
1077 814 1114 874 de

156 902 368 964 festivitatibus
407 903 437 962 in
476 901 620 962 bonorem
665 902 788 978 reginae
826 900 975 980 loquitur,
1015 899 1115 959 aulaea

153 987 297 1049 describit
319 997 348 1047 et
370 987 401 1046 in
424 986 484 1047 illis
507 988 676 1047 universum
705 983 784 1046 iliius
812 985 955 1062 temporis
976 983 1115 1045 scientia-

154 1089 220 1132 rum
249 1070 392 1132 ambitum
424 1072 616 1150 interspersis
645 1068 752 1130 tabuiis
781 1075 810 1128 et
837 1069 967 1129 historiis
991 1068 1115 1130 11111111-

154 1159 327 1216 strationem
350 1155 477 1216 idoneis.
522 1153 675 1216 eilbertum
697 1155 790 1232 igitur
812 1150 925 1214 nulium
948 1152 1036 1213 aiinm
1059 1152 1116 1213 Da·

153 1249 248 1300 retem
271 1246 405 1300 secutum
428 1257 503 1308 esse,
528 1257 615 1318 quarn
640 1257 726 1318 quem
744 1255 824 1299 nuuc
839 1236 984 1298 babemus
999 1249 1029 1298 et
1044 1254 1115 1316 pau·

157 1344 207 1386 cas
230 1333 341 1386 tantum
364 1326 561 1401 interspersas
583 1325 770 1384 narrationes
786 1341 821 1382 er
838 1320 904 1382 aliis
920 1320 1117 1400 scriptoribus

152 1420 184 1470 ut
207 1407 330 1479 Orosio,
365 1406 470 1469 Ouidio
503 1406 674 1488 depromtas
701 1426 768 1468 esse
796 1403 1033 1468 concludendum
1063 1412 1115 1466 est.

153 1491 287 1570 Kortling
311 1493 421 1572 (Dictys
443 1492 503 1553 und
526 1493 619 1553 Dares
637 1489 728 1570 1874)
745 1491 939 1554 Benedictum
955 1491 992 1551 de
1007 1491 1116 1551 Sancto

151 1577 254 1639 Mauro
284 1575 399 1657 (Denoit
422 1577 459 1638 dc
482 1577 524 1638 St.
549 1576 661 1656 Maure)
690 1584 807 1655 poetam
838 1574 984 1638 Gallicum
1013 1582 1117 1636 nostro

153 1661 274 1722 biberto
296 1679 389 1740 paene
412 1661 564 1741 aequalem
588 1661 645 1722 aiio
668 1660 796 1741 quodam
818 1660 926 1722 Dareta
949 1661 1043 1739 magis
1066 1677 1117 1720 ex·

153 1755 239 1807 tenso
271 1748 303 1806 in
336 1748 467 1807 carmine
499 1764 553 1809 suo
586 1746 623 1807 de
656 1745 734 1808 bcilo
767 1744 898 1824 Trojano
930 1763 1016 1805 usum
1050 1763 1116 1805 esse

152 1831 313 1892 existimat.
357 1830 451 1891 Nimis
483 1831 634 1892 credimus
667 1831 893 1910 perspicaciter:
926 1847 995 1890 uam
1027 1832 1117 1890 etiam

129 1922 255 1974 'noster
282 1914 429 1994 supplevit
461 1934 536 1995 quae
569 1915 671 1976 deesse
703 1913 895 1984 videbantur,
923 1920 1116 1993 quapropter,

156 2016 224 2058 cunr
254 1999 344 2060 simili
372 2000 460 2060 modo
488 1999 667 2061 Benedictus
691 1999 787 2077 egisse
809 1998 958 2073 videatur,
989 2016 1023 2058 ea
1045 2015 1114 2058 con-

152 2082 269 2162 jectura
292 2101 351 2143 uon
374 2101 449 2164 opus
472 2092 524 2154 est,
548 2091 582 2145 ut
604 2091 634 2144 ct
648 2084 826 2144 novissimus
840 2082 995 2145 Benedicti
1011 2083 1116 2151 editor,

153 2166 222 2247 Joty
254 2186 319 2229 eam
351 2176 480 2248 reputat.
532 2168 596 2229 Duo
625 2175 741 2229 exstant
775 2167 893 2228 codices
924 2167 1118 2246 manuscripti

154 2251 260 2312 Graeci
289 2252 325 2312 de
354 2250 432 2312 beiio
460 2253 605 2334 Trojano,
640 2254 692 2331 qui
721 2271 789 2314 curn
819 2252 925 2313 Dareta
953 2252 1116 2313 cohaerere

132 2335 290 2415 'videntur
318 2337 369 2398 sed
398 2337 490 2406 falso,
517 2354 585 2397 nam
614 2337 687 2398 Coo.
715 2336 806 2397 Paris
834 2333 1010 2398 1111113352
1038 2354 1117 2397 nunc

155 2417 238 2482 7878
261 2424 292 2482 in
315 2419 337 2482 4
359 2423 492 2482 continet
512 2424 681 2482 versionem
706 2421 847 2483 Graecam
870 2420 940 2483 iibri
962 2421 1061 2499 gallici
1081 2420 1117 2480 de

157 2506 276 2566 excidio
297 2505 405 2585 Trojae
421 2507 544 2583 (Roman
569 2506 605 2566 de
619 2505 647 2566 ia
670 2505 854 2566 destruction
878 2508 915 2567 de
930 2507 1038 2584 Troye.
1063 2505 1117 2566 111.

155 2590 243 2650 Hist.
260 2590 317 2650 litt.
345 2592 382 2651 de
410 2592 525 2652 Franco
559 2590 592 2650 T.
621 2588 688 2650 Xili
717 2608 747 2668 p.
775 2585 839 2651 423
860 2591 934 2670 sqq.)
962 2600 991 2651 et
1020 2588 1118 2650 Codex

154 2674 343 2735 Vindobonn.
385 2675 551 2753 (Lambecc.
585 2673 866 2736 cuiinvitttesset
894 2673 1037 2751 uchtV)
1066 2672 1117 2735 iol.

153 2755 325 2820 260-324
348 2778 467 2820 carmen
491 2752 680 2838 1111111111ιὴ
710 2756 852 2838 Τρωάδα
875 2769 907 2819 ut
928 2761 1015 2820 docet
1031 2758 1117 2836 Wag-

155 2860 211 2903 ner
244 2844 274 2901 in
308 2845 492 2923 praefatione
521 2846 687 2904 carminum
716 2844 899 2905 Graecorum
926 2843 1016 2903 medii
1044 2843 1117 2904 aevi.

153 2926 267 2987 Neuter
289 2927 418 2990 innotuit
430 2927 552 2990 biberto
575 2936 687 2998 nostro,
711 2927 795 3007 cujus
818 2931 906 2990 etiarn
923 2930 1056 2989 notitiam
1073 2929 1086 2986 1
1106 2960 1117 2972 -

153 3013 197 3088 git
219 3011 343 3072 heroico
366 3021 461 3073 metro
484 3016 669 3089 compositus
691 3012 798 3082 Dares,
822 3016 873 3092 qui
896 3020 1063 3073 asservatus
1085 3014 1117 3072 in

151 3095 257 3172 codice
284 3096 412 3158 Parisin.
441 3096 502 3173 (lat.
525 3094 610 3159 8430
631 3097 682 3159 111.
707 3095 830 3158 9-111.
857 3093 1116 3174 1619301111111

153 3181 296 3242 continet.
341 3181 406 3261 Joly
428 3198 457 3259 p.
483 3179 543 3243 156
565 3183 696 3243 initium:
750 3184 754 3194 '

196 3299 355 3360 Historiam
379 3297 469 3378 Troje
491 3301 629 3378 figmenta
651 3301 768 3380 poetica
792 3297 922 3360 turbant.

197 3382 291 3453 Unde,
314 3384 383 3446 licet
406 3386 521 3462 magnis
542 3385 661 3447 fortuna
684 3386 723 3447 sit
746 3383 843 3445 invida
866 3385 960 3462 ceptis

197 3466 348 3547 Dignaque
371 3476 428 3530 tarn
452 3469 548 3547 longis
571 3487 629 3530 non
649 3471 688 3530 sit
708 3488 774 3531 mea
799 3467 922 3530 buccina
945 3467 1042 3544 bottis,
