2616 3980
271 191 294 256 4

336 343 467 406 Flamma
491 361 580 406 vorax
603 343 638 404 ad
663 345 740 406 celsa
763 329 864 403 voians
887 341 1042 404 obnubilat
1064 349 1143 402 astra

380 429 481 507 Longe
504 430 633 507 reposita
655 427 850 508 percutiendo
874 429 948 490 loca.

358 514 468 575 Forma
495 513 584 593 hujus
613 512 683 575 helii
706 521 736 574 et
765 511 898 590 ejusdem
926 511 996 572 helii
1019 511 1140 578 veritas;
1168 511 1237 591 quia
1279 569 1282 614 ,

276 608 394 666 auctor,
419 599 590 678 postpositis
613 597 751 658 omnibus
773 598 936 674 figmentis,
960 613 1035 676 quae
1057 594 1236 675 permultum
1281 615 1282 632 2

275 684 438 762 depravant
459 683 535 744 hanc
558 681 728 750 historiam,
752 683 889 742 Daretem
913 683 1048 760 sequitur
1071 683 1122 758 qui
1144 679 1237 757 Phry·

275 770 341 845 gius
365 776 428 829 erat
450 774 480 827 et
502 767 634 847 ejusdem
657 765 727 827 belli
742 767 896 848 princepe,
923 767 971 844 qui
988 767 1075 828 etiam
1091 765 1170 826 idem
1186 763 1238 823 de·

275 855 397 932 scripsit
418 851 565 932 proelium
588 859 694 912 tenens
716 852 837 912 omnino
860 851 1020 921 veritatem,
1044 850 1123 910 unde
1146 847 1238 910 hahes

275 939 355 999 circa
377 939 466 998 tinem
489 936 573 996 libri:
1061 980 1063 984 .

338 1021 375 1082 Et
397 1021 542 1100 Phrygius
563 1023 621 1081 fuit
642 1023 698 1081 iste
720 1021 812 1082 Dares
834 1027 872 1080 et.
885 1027 1020 1100 tempore
1042 1018 1112 1080 belii

381 1106 448 1184 lpse
471 1107 590 1185 quidem
615 1105 701 1166 miles
721 1104 834 1187 proelia
857 1106 916 1166 uisa
939 1105 1041 1166 refert.
1114 1153 1123 1168 „

365 1191 441 1251 Sunt
464 1198 562 1252 autern
586 1191 773 1251 narrationes
787 1191 942 1266 impositae
957 1189 1045 1250 modo
1061 1188 1239 1268 principum,

276 1277 365 1338 modo
387 1275 525 1346 militum,
548 1275 636 1336 modo
660 1278 840 1336 nunciorum
863 1274 907 1335 rei
931 1277 1019 1334 etiam
1043 1272 1238 1339 traditorum;

277 1381 354 1441 quae
376 1377 426 1420 res
449 1378 464 1420 a
488 1361 610 1421 veritate
632 1377 692 1419 non
715 1359 873 1438 discrepat,
897 1359 964 1437 quia
988 1357 1152 1418 secundum
1168 1374 1237 1418 cau·

277 1465 338 1509 sam
362 1445 554 1506 recitationes
576 1443 696 1504 easdem
726 1452 777 1504 aut
799 1460 864 1504 esse
886 1442 960 1504 tales
982 1449 1032 1503 aut
1055 1442 1175 1503 omnino
1198 1444 1238 1502 si-

276 1529 361 1591 miies
395 1528 560 1608 oportebat.
606 1528 781 1611 Tanguntur
812 1547 847 1589 ea
880 1529 910 1588 in
944 1529 1034 1587 tertio
1059 1525 1141 1588 libro
1171 1536 1239 1606 post

275 1632 406 1696 pugnam
422 1614 587 1692 septimam,
611 1631 686 1692 quae
707 1613 824 1674 duravit
836 1611 940 1673 LXXX
955 1610 1059 1672 diebus
1074 1612 1237 1673 continuis:

277 1717 333 1760 sro:

339 1782 422 1846 Hanc
446 1799 564 1863 quoque
586 1784 739 1844 materiam
761 1783 900 1861 figmenta
923 1783 1039 1860 poetica
1062 1780 1181 1851 nebant,

383 1869 467 1930 Siout
488 1865 629 1946 Virgilius
651 1885 732 1928 arma
755 1867 911 1946 virumque
933 1882 1056 1932 canens:

341 1953 400 2016 Sed
422 1953 545 2033 Phrygii
566 1960 649 2014 tenet
666 1952 822 2014 historiam
844 1951 922 2012 iiber
943 1951 1001 2012 iste
1023 1950 1147 2024 Daretis,
1211 1996 1214 1999 .

383 2036 440 2109 Qui
462 2043 581 2116 praetor
603 2055 705 2098 verum
729 2037 874 2114 scriptitat
896 2035 966 2096 inde
988 2034 1075 2096 nihii:

340 2122 427 2182 Hunc
449 2137 558 2200 sequor
581 2120 723 2200 adjiciens
744 2115 894 2182 interdum
917 2119 1007 2181 verba
1030 2120 1162 2180 virorum

382 2204 440 2275 Qui
461 2203 506 2264 vei
528 2203 727 2284 loquebantur
750 2203 796 2264 vei
818 2212 943 2283 potuere
965 2204 1058 2283 loqui.
1150 2219 1152 2222 ·

341 2289 481 2360 Ponatur,
503 2288 582 2369 quod
606 2296 636 2350 et
658 2289 689 2349 hi
711 2306 770 2349 non
794 2291 854 2351 sint
876 2306 910 2349 ea
932 2288 1023 2349 verba
1045 2287 1147 2357 locuti,

384 2373 496 2436 Causae
517 2377 683 2451 praesentis
705 2379 775 2435 sunt
795 2379 894 2434 tamen
917 2382 984 2451 apta
1007 2374 1060 2433 rei.

362 2457 463 2521 Habes
478 2459 634 2520 materiam
650 2460 750 2539 operis
766 2465 795 2518 et
810 2458 946 2523 iormam,
963 2458 1055 2519 Causa
1072 2464 1133 2518 est:
1150 2473 1241 2536 prave

277 2554 416 2606 strenuos
439 2561 454 2604 a
478 2560 531 2604 sua
554 2543 679 2605 stultitia
702 2560 892 2622 compescere
915 2549 945 2604 et
967 2541 1058 2603 fortes
1081 2558 1164 2602 suam
1180 2541 1241 2602 ior·

278 2629 436 2691 titudinem
464 2646 523 2688 non
550 2629 582 2688 in
611 2645 754 2708 pomposa
780 2627 930 2706 jactantia,
958 2628 1037 2688 sicut
1070 2626 1100 2687 hi
1126 2626 1240 2695 miseri,

277 2713 330 2774 sed
357 2714 387 2774 in
416 2712 545 2775 virtuosa
568 2715 732 2784 constantia
760 2714 860 2792 potius
888 2728 1044 2780 exercere3
1078 2717 1111 2771 ut
1138 2711 1241 2781 lector,

278 2796 379 2860 habita
403 2797 647 2872 consideratione,
672 2803 775 2860 contra
805 2797 915 2858 malum
943 2797 1029 2857 istius
1058 2795 1128 2856 helii
1157 2795 1240 2875 prin·

279 2883 389 2962 cipium
413 2891 443 2943 et
464 2881 551 2962 pejus
573 2881 703 2943 medium
728 2890 757 2942 et
779 2883 943 2962 pessimum
971 2878 1034 2959 ejus
1062 2883 1175 2942 exitum
1197 2879 1244 2941 vel

278 2967 395 3028 discere
417 2967 534 3028 studeat
556 2973 586 3028 et
608 2967 726 3036 docere,
750 2975 782 3028 ut
804 2966 861 3028 hoc
883 2967 1090 3045 praemunitus
1106 2963 1243 3044 exemplo

280 3070 368 3113 nemo
392 3069 423 3112 se
443 3049 609 3112 ‘dissimulet
632 3050 669 3113 ab
692 3049 779 3129 hujus
800 3050 977 3112 vanitatibus
1006 3057 1131 3112 tentare.
1176 3049 1244 3110 Non

279 3137 428 3197 desiderio
456 3135 629 3197 notificandi
657 3135 714 3196 hoc
747 3136 857 3198 bellum
886 3135 944 3197 tale
978 3142 1082 3196 auctor
1109 3133 1243 3196 studium

280 3221 432 3291 assumsit,
456 3221 508 3282 sed
532 3223 627 3298 magis
648 3223 680 3281 in
703 3239 767 3282 rem
790 3227 893 3282 contra
915 3237 1012 3290 suam,
1036 3237 1129 3300 super
1151 3217 1244 3280 tutela

279 3303 398 3376 talium,
434 3323 509 3384 quae
542 3306 658 3388 ratione
692 3305 763 3366 beili
791 3307 990 3385 contigerant,
1018 3303 1176 3374 stabilivit;
1204 3305 1246 3367 ait

281 3389 359 3450 onim
386 3391 464 3468 ipse:
495 3389 561 3462 „ias
589 3398 635 3451 est
657 3400 688 3452 et
710 3389 746 3453 ab
766 3389 853 3453 hoste
876 3387 999 3452 doceri“
1028 3396 1057 3450 et
1083 3388 1139 3448 hoc
1163 3390 1246 3452 circa

280 3473 369 3536 tinem
392 3471 463 3536 libri
485 3476 624 3555 tangitur,
647 3474 699 3538 ubi
722 3475 809 3538 dicit:
