2616 4000
442 252 502 302 nra.
522 255 552 304 v,
582 269 608 302 v.
627 255 769 304 ata-368.
833 223 837 228 ’

159 406 242 468 ,Post
264 412 390 466 mortem
412 403 473 465 sola
497 405 572 466 lama
596 416 747 484 superstes
771 409 838 466 erit.

23 497 27 504 '
119 489 243 552 ‘Interea
265 497 363 551 tamon
386 491 416 549 in
440 489 539 550 hostes
562 508 615 549 nos
637 490 749 566 grande
772 492 910 552 lucenti.

168 574 252 652 Cogit
275 573 392 634 vibrare
414 573 543 634 dedecus
566 591 648 634 arma
671 593 769 638 manu.

118 657 247 719 Dixerat
269 668 298 718 et
319 658 426 736 sepelit
448 658 594 735 singultus
616 657 704 718 verba
727 657 885 738 loquentis,
1034 669 1090 740 aaa

169 742 294 804 Humida
317 742 489 803 reddiderat
511 742 630 802 lacrima
650 741 738 803 ousta
760 745 862 823 patris.

122 827 257 890 'Pandam
279 836 348 906 post
368 826 454 903 longa
476 829 604 905 auspicia
627 826 711 887 miles
734 827 839 888 ocellis

168 911 324 990 Purpureo
349 915 454 972 transit
477 929 622 990 gausape;
646 921 742 972 castra
766 911 857 973 subit.

149 1125 415 1196 [PENTHESILEA
434 1125 555 1180 ARGOS
573 1125 624 1178 AD
642 1123 830 1180 PROELIUM
847 1124 1068 1197 PRQVOCAT.]

123 1263 231 1326 Ultima
256 1264 303 1325 lux
328 1263 449 1343 gelidas·
463 1262 547 1326 coelo
570 1264 733 1326 dimoverat
756 1257 884 1334 umbrae,

165 1347 275 1410 Pallida
296 1348 357 1427 jam
380 1348 502 1411 turbant
523 1349 620 1410 sidera
644 1349 715 1410 solis
739 1350 822 1427 equi:
1038 1361 1092 1412 350

122 1433 226 1494 Evolat
248 1433 388 1494 audacter
410 1435 495 1511 quasi
517 1435 611 1496 virtus
633 1434 735 1495 llartis
757 1441 788 1494 et
809 1437 902 1513 Argos

166 1519 313 1578 Provocat
335 1520 461 1578 assuetis
482 1516 669 1579 Penthesilea
691 1518 797 1578 modis.

123 1602 215 1682 Cujus
237 1603 410 1664 Amazonico
433 1605 568 1680 sequitur
590 1602 710 1680 vestigia
734 1609 830 1664 turma

165 1687 238 1748 Cum
263 1686 381 1747 domina
406 1685 476 1747 belli
500 1688 632 1766 pondera
656 1705 748 1768 prpna
771 1689 842 1766 pati.

124 1769 258 1832 Gaudent
281 1771 425 1832 loominea
448 1770 559 1832 innatis
582 1773 701 1849 agmina
723 1770 820 1851 peltis,
1037 1781 1090 1829 355
1188 1823 1190 1826 .
1237 1785 1240 1792 ·

165 1856 198 1916 ln
222 1873 312 1915 cursu
335 1855 424 1916 validi
447 1855 620 1918 delitiantur
642 1857 726 1934 equi;

124 1939 260 2000 Gaudent
282 1948 438 2017 praeterea
461 1941 540 2000 clara
564 1957 697 2019 pugnare
722 1939 840 2009 trinodi,

162 2023 228 2084 Non
252 2025 382 2100 gaudent
405 2027 483 2104 turpi
505 2043 537 2084 se
561 2024 719 2094 maculare,
734 2023 812 2101 luga.

123 2107 203 2169 llore
225 2106 408 2182 locustarum
431 2109 531 2169 videas
553 2127 711 2188 erumpere
733 2107 835 2178 Troes,

164 2191 200 2253 Et
222 2195 306 2273 quasi
329 2192 515 2268 dormierint,
540 2193 683 2254 hactenus
704 2211 771 2252 esse
793 2191 881 2252 loves
1036 2203 1117 2251 360¹·

122 2273 285 2336 inclamant
307 2275 437 2347 danaum
461 2277 539 2355 quid·
554 2275 633 2339 bella
655 2279 771 2354 negatis
792 2278 913 2347 inerter,

164 2361 284 2421 Vestras
307 2363 417 2422 intrate
440 2363 616 2441 repariando
638 2363 731 2423 rates!

122 2445 179 2505 Sed
204 2447 288 2524 prius
311 2448 341 2506 in
364 2455 460 2506 vestra
484 2445 649 2507 scribemus
671 2445 775 2506 dorsa:
801 2445 906 2506 valeto!

166 2528 308 2590 'Pelorum
331 2531 403 2607 liget
425 2531 523 2592 mollia
546 2531 619 2592 eolla
642 2532 738 2591 stilus

124 2615 180 2674 Ant
203 2613 370 2675 dormitatis
392 2625 444 2675 aut
465 2614 577 2684 luditis,
600 2623 651 2676 aut
674 2617 762 2674 nimis
785 2616 855 2674 estis
1036 2625 1089 2673 365

162 2699 263 2759 munt
285 2696 380 2767 hellis,
404 2696 448 2759 sic
471 2701 540 2778 quia
564 2701 651 2759 dorsa
674 2698 769 2759 datisl

122 2783 164 2842 do
188 2801 294 2843 manus
315 2783 428 2843 interea
445 2785 556 2844 'castris
579 2781 706 2862 Trojano
730 2785 918 2861 propinquat,

162 2865 196 2926 ln
219 2884 356 2945 campum
380 2867 495 2928 Danaos
517 2867 635 2946 garrula
659 2886 730 2928 voce
753 2877 846 2927 vocat.
895 2895 899 2904 v

189 3137 248 3187 342.
277 3136 327 3186 cfr.
347 3135 400 3188 loo.
420 3136 546 3187 Guolteri
565 3136 599 3186 ad
616 3138 675 3188 335.
693 3139 733 3187 36.
752 3141 939 3186 memoratum.
1025 3137 1085 3186 346.

121 3202 187 3254 Cod.
200 3202 387 3255 reddiderant.
417 3207 475 3256 349.
494 3203 580 3258 schol.
594 3219 672 3269 gene,
688 3204 869 3268 manutergio.
906 3203 964 3254 355.
977 3219 1083 3267 margo:

121 3277 275 3322 Amazones
293 3271 423 3322 ferebant
434 3272 525 3338 peltas
543 3273 571 3321 in
590 3271 698 3321 modum
717 3271 801 3320 lunae
820 3274 958 3321 curvatae.
1026 3273 1084 3326 356,

120 3338 197 3388 deiit.
217 3337 301 3390 schol.
314 3341 430 3405 margin.
445 3339 626 3391 delectantur.
679 3341 737 3390 357.
756 3337 816 3388 cod.
831 3336 948 3389 trimoda.
962 3337 1088 3390 Goeller,
1190 3399 1191 3402 Ἴ

120 3402 194 3456 Alex.
212 3405 246 3468 V,
263 3408 306 3460 46.

221 3472 345 3524 Puderet
361 3489 427 3538 ergo
446 3475 519 3525 viros
539 3474 620 3526 olava
638 3478 681 3524 ter
700 3474 819 3540 quinque
839 3472 950 3524 trinodi.

120 3541 178 3606 360ΙΙ
198 3541 257 3591 eod.
275 3541 418 3592 hostanos.
