2616 4000
467 185 531 241 Lib.
548 185 594 238 VI.
631 202 656 241 v.
677 189 784 236 15-4‘2.

145 337 205 400 Illis
227 337 377 416 paullatim
399 353 544 418 praeceps
566 337 690 398 audacis
712 340 806 398 crevit

189 421 345 500 Cordaque
368 420 557 499 languentem
580 422 751 483 dedidicere
774 430 897 483 metum.

145 507 188 568 nd
212 523 352 585 magnum
377 505 492 568 virtutis
514 525 589 586 opus
612 523 804 582 summosque
828 505 946 568 labores

179 591 318 656 ,Mentem
341 598 533 670 componunt,
557 590 635 652 nullo
659 590 771 669 periclo
796 592 911 652 timent.

143 674 278 736 Credunt
301 692 366 737 esse
389 677 473 736 ueias
495 677 627 736 animum
649 676 801 754 praeferre
824 676 942 755 pudori,

187 757 316 839 Plusque
339 757 435 820 solent
456 760 564 821 lamam
588 778 676 842 quom
700 761 835 820 timuisse
857 778 972 822 necem.
1037 775 1040 782 ’

143 844 280 907 Pectoris
302 847 427 906 incursu
450 840 640 922 confringere
664 843 720 905 tela
743 853 912 924 peroptant.
1010 897 1012 904 ,

187 929 238 990 Sic
258 928 379 991 titulum
403 945 528 1006 magnae
549 928 645 991 laudis
668 929 703 989 ed
727 937 806 990 ostra
828 923 936 991 levant.

143 1014 199 1074 Est
220 1012 298 1076 bona
323 1012 427 1075 militis
451 1013 557 1075 melior
579 1015 708 1082 fortuna,
732 1014 785 1074 sed
807 1017 889 1074 omni

188 1099 335 1178 Tempore
357 1099 485 1159 tironem
507 1115 568 1158 non
592 1097 669 1159 fovet
691 1097 740 1158 illu
764 1117 861 1160 suum.

142 1181 247 1244 Gloria
269 1185 295 1243 si
319 1182 444 1246 retrahit
465 1183 587 1251 vultum,
610 1184 730 1244 fortuna
753 1183 876 1252 recedit,

187 1267 225 1328 Et
247 1270 366 1344 gravius
389 1285 506 1329 summo
528 1265 657 1328 culmine
680 1285 778 1328 mersa
801 1275 901 1334 ruunt.

141 1349 233 1430 'froja
256 1350 348 1413 semol
369 1353 443 1413 istos
467 1370 525 1412 non
549 1370 580 1413 es
604 1361 724 1430 experta
748 1351 877 1420 labores,

187 1437 259 1498 Sors
281 1454 365 1515 quae,
379 1436 556 1497 multociens
579 1435 686 1498 accidit
707 1438 764 1498 ista
787 1436 854 1498 tibi.

307 1582 435 1653 [uuum
452 1583 577 1639 rnccu
596 1583 693 1638 urum
710 1582 946 1655 Possumne]

145 1689 232 1750 Pacis
256 1697 404 1750 amatores
425 1688 585 1749 intendunt
607 1706 682 1758 esse,
706 1693 807 1769 quiete

187 1774 304 1834 Ducere
326 1790 381 1852 per
402 1776 517 1852 patrios
539 1774 597 1833 otis
620 1772 696 1834 laetu
719 1775 806 1843 lares,

144 1859 260 1922 Uxores
282 1858 425 1918 redimire
447 1857 566 1936 probas,
591 1875 762 1936 puerosque
783 1858 932 1918 decennes

186 1942 224 2003 Et
243 1943 330 2022 quusi
353 1940 480 2018 dilapsas
502 1942 662 2003 conciliare
687 1941 799 2002 domos.

141 2026 206 2087 Sub
229 2044 287 2106 qun
310 2023 460 2095 decubuit,
483 2025 675 2102 requiescere
696 2025 801 2102 diligit,
826 2024 931 2086 umbro

186 2110 301 2172 Taurus
324 2117 354 2169 et
376 2111 517 2171 amissum
540 2112 657 2187 quaerit
679 2108 755 2170 ovile
776 2128 877 2189 pecus.

144 2193 265 2255 Dulcius
286 2195 316 2255 iu
339 2194 434 2255 solitis
456 2203 555 2255 cantat
577 2195 733 2274 philomela
757 2194 880 2263 rubetis,

184 2277 315 2339 Eventus
338 2280 435 2339 varios
457 2297 506 2339 res
529 2296 603 2339 nora
626 2296 746 2359 semper
769 2279 888 2340 habet„

140 2360 294 2424 Litterulls
316 2362 465 2424 dominum
488 2361 533 2422 rel
555 2381 644 2441 saepe
665 2362 784 2433 salutat,
809 2375 841 2426 ut
863 2366 942 2426 inter

185 2447 302 2509 Funera
325 2454 370 2507 tot
391 2447 499 2522 totiens
520 2465 552 2507 se
574 2465 733 2526 superesse
755 2450 838 2509 sciat.

142 2531 237 2611 Saepe
259 2532 383 2593 remissa
405 2533 468 2591 viro
490 2529 623 2592 mulieris
646 2530 769 2611 epistola
793 2534 876 2594 dicit:

184 2615 232 2701 iifl
255 2615 327 2675 milri
349 2614 508 2689 rescribas,
531 2623 658 2678 attamen
681 2618 745 2695 ipse
768 2619 848 2678 veni!

141 2699 217 2761 Nem
241 2716 421 2777 quamquam
444 2717 534 2778 sopor
555 2709 601 2761 est
622 2699 709 2761 311313
734 2700 829 2762 duleis
852 2703 883 2761 in
906 2701 995 2770 unda,

185 2785 306 2846 Gratius
328 2802 363 2844 ex
385 2785 451 2862 ipso
474 2785 555 2844 ionio
578 2783 720 2846 bibuntur
743 2803 845 2864 aquae.

144 2921 346 2928 -..-—-——-—-

209 3002 477 3056 15.16.0loudioni
500 3009 577 3054 sunt:
604 3002 639 3054 de
661 3010 733 3070 rapt.
757 3005 884 3068 Proserp.
907 3003 998 3068 prees.
1020 3006 1106 3064 9.,10.

142 3071 181 3122 itt.
201 3069 268 3120 eod.
287 3070 425 3126 dedicere.
481 3073 523 3121 30.
543 3086 591 3136 pro
610 3071 715 3122 ducunt
733 3072 791 3123 cod.
837 3075 878 3122 31.
897 3071 983 3137 glosa.
1002 3071 1107 3136 allegat

138 3152 187 3202 por
210 3137 273 3198 hos,
297 3139 345 3201 qui
364 3137 396 3188 de
415 3138 478 3189 eliis
496 3139 656 3204 regionibus
674 3140 783 3190 evocati
798 3137 857 3200 jorn
875 3154 926 3204 por
944 3139 1109 3189 decennium

140 3208 274 3255 steterant
291 3208 388 3255 contro
405 3204 536 3262 Graecos.
604 3207 714 3261 33-35.
733 3203 867 3272 (Maxim.)
886 3207 908 3270 1,
930 3207 1041 3269 45-47,
1060 3207 1108 3256 ubi

138 3277 233 3322 tomen
250 3273 353 3338 primus
370 3287 480 3324 versus:

220 3339 275 3391 Sub
294 3355 348 3406 qua
365 3339 496 3391 decubuit
513 3341 700 3407 requiescens,
719 3340 812 3407 diligit
829 3341 952 3392 umbram
970 3346 1024 3395 ete.

139 3407 183 3457 36.
201 3405 335 3468 (Maxim.)
353 3409 375 3468 1,
394 3409 435 3458 52.
521 3411 562 3461 38.
580 3424 685 3474 margo.
703 3408 806 3473 probet.
889 3410 932 3460 40.
951 3408 1045 3460 ovidii
1064 3413 1107 3459 est

140 3473 254 3526 Heroid.
272 3475 294 3541 I,
314 3477 339 3526 2.
407 3477 449 3530 11,
466 3478 507 3526 le.
527 3475 623 3528 Ovidii
641 3477 723 3527 Pont.
742 3475 793 3539 111,
812 3477 836 3537 ὅ,
856 3477 895 3530 li.
915 3477 955 3530 18.
