2616 3980
179 229 245 278 vm
602 215 754 266 Praefatio.

179 367 259 430 berti
279 367 381 447 prodit
401 369 490 428 ctiam
513 365 666 446 catalogus
687 368 828 446 antiquus
850 365 1049 428 bibliothocae
1071 368 1147 429 Bor·

180 451 410 516 deshclmiensis
434 450 500 533 (lib.
523 454 574 513 cit.
590 471 619 530 p.
637 448 688 529 39)
712 452 844 512 codicem
867 469 946 512 nuuc
968 451 1146 534 Guelferby-

173 548 283 608 -tanum
306 535 361 598 sul)
384 537 439 597 litt.
465 537 500 599 G.
526 553 573 597 nr.
599 533 647 597 18.
672 552 924 596 commemorans:
958 534 1145 616 „Philippico

182 620 283 683 Tullii.
328 618 454 701 Troylus
481 619 594 681 eilberti
627 619 745 681 abbatis
778 619 945 681 stadensia“
976 621 1145 701 inscriptio·

182 705 288 768 nibus:
317 703 418 776 „liber
445 711 566 766 sanctae
593 704 704 766 Mariae
731 705 761 765 in
785 705 1071 765 Novomonasleric“
1095 724 1143 767 or·

180 798 293 855 natum.
338 789 436 850 Codex
457 791 551 867 igitur
570 787 629 866 jam
653 795 721 849 ante
743 785 967 857 annum1332,
992 805 1051 865 quc
1067 806 1147 851 anno

182 873 371 954 praepositus
398 873 538 934 llinricus
566 871 741 951 Swinehorg
770 880 946 933 conventum
968 873 1145 934 Novimona·

180 959 265 1025 sterit
287 957 534 1019 Bcrdesholmum
557 958 742 1036 transposuit
770 954 824 1017 suh
847 956 904 1016 hoc
927 956 1013 1016 titulo
1037 964 1067 1017 et
1088 957 1144 1019 lrac

179 1043 377 1119 inscriptione
406 1043 483 1102 inter
517 1039 611 1102 libros
640 1041 766 1102 Sanctae
794 1039 904 1100 Mariae
935 1041 966 1100 in
995 1038 1145 1102 llolsatiae

179 1125 262 1188 Novo
284 1127 466 1187 Monasterio
489 1124 712 1205 adservabatur.

265 1211 411 1286 Carmini‚
441 1208 521 1288 quod
551 1228 583 1269 se
606 1227 683 1270 anno
708 1206 790 1270 1249
813 1209 979 1270 coniecisse
1000 1210 1032 1269 in
1054 1226 1144 1287 supra

179 1295 353 1356 memoratis
385 1293 521 1354 versibus
551 1302 654 1354 auctor
683 1295 748 1372 ipse
776 1295 831 1362 ait,
866 1295 1010 1372 imposuit
1033 1311 1140 1353 nomen

178 1377 270 1439 Troili
305 1387 335 1439 et
366 1385 489 1458 propter
522 1376 631 1437 bellum
664 1377 826 1457 Trojanum
860 1384 890 1437 et
917 1377 995 1456 quod
1024 1375 1144 1437 Troilus

178 1461 257 1523 tilius
278 1462 376 1523 luerat
396 1461 523 1522 Priami:

222 1544 362 1617 „Troilus
385 1553 430 1606 est
451 1544 570 1605 Troilus
593 1544 723 1625 Trojano
746 1545 882 1624 principe
905 1553 1001 1614 natus,

266 1629 305 1690 Et
326 1629 402 1690 liber
425 1638 469 1690 est
491 1629 609 1689 Troilus
633 1629 670 1690 cb
694 1629 800 1689 Troica
824 1627 899 1690 bella
915 1631 1074 1698 ‘vocatus‘2

183 1715 234 1794 qui
256 1731 358 1776 versus
379 1715 410 1774 in
432 1716 491 1775 tine
513 1714 659 1792 prooemii
681 1720 711 1774 et
738 1711 808 1774 libri
831 1714 921 1775 totius
942 1713 1145 1775 inveniuntur.

179 1800 288 1860 Totum
311 1816 442 1867 carmen,
465 1799 597 1873 exceptis
612 1799 759 1875 prooemii
776 1806 805 1858 et
820 1803 1063 1876 argumentorum
1079 1815 1147 1858 ver·

185 1883 268 1944 sibus
290 1891 386 1945 metro
404 1882 525 1943 heroico
541 1884 722 1961 compositis,
746 1882 876 1958 elegiaco
892 1889 987 1942 metro
1002 1883 1145 1959 scriptum

182 1965 343 2045 Trojanum
371 1974 401 2029 et
433 1967 614 2029 Graecorum
642 1966 771 2044 proelia,
800 1965 966 2046 Trojaeque
995 1966 1145 2027 excidium

183 2054 316 2112 continet
347 2050 434 2112 libris
469 2069 535 2120 sex,
551 2079 555 2086 ·
570 2049 708 2112 versibus
728 2047 813 2112 5320
842 2057 876 2111 ut
902 2057 989 2130 poeta
1017 2051 1082 2130 ipse
1105 2051 1148 2112 alt

180 2135 242 2214 (lib.
266 2135 303 2195 Vl
323 2153 349 2194 v.
374 2131 436 2196 735
451 2134 543 2214 sqq.):

222 2220 303 2290 „Tot
324 2220 430 2299 positis
452 2218 585 2280 numeris
608 2217 694 2276 etiam
717 2217 845 2278 fortasse
869 2218 1006 2297 requiris,

266 2301 394 2364 Currere
416 2302 572 2363 versieulis
593 2308 667 2376 quot
688 2299 765 2360 liber
788 2301 843 2362 iste
867 2301 950 2368 velit;

223 2388 275 2448 Bis
298 2388 382 2447 denis
405 2386 479 2446 adde
502 2393 669 2446 tercentum
691 2382 782 2445 millia
806 2386 947 2464 quinque,

266 2470 330 2531 lloc
352 2488 477 2531 numero
498 2476 597 2529 textus
620 2471 729 2530 teritur
751 2468 927 2531 historiae·‘.

267 2554 331 2624 Qua
362 2571 465 2623 causa,
498 2554 555 2613 lroc
583 2560 615 2612 ut
642 2571 763 2614 carmen
787 2553 889 2622 iaciat,
922 2561 1075 2632 permotus
1097 2555 1146 2630 sit,

179 2639 243 2716 ipse
267 2641 356 2698 etiarn
379 2645 481 2716 narrat
504 2636 564 2715 (lib.
588 2637 624 2698 Vl
647 2656 673 2698 v.
697 2633 760 2698 365
776 2641 868 2716 sqq.):

100 2796 106 2806 ι
224 2724 283 2799 „Et
304 2722 429 2783 sortasse
452 2721 554 2800 legens
576 2722 619 2782 sic
642 2721 729 2793 dicet,
753 2739 807 2782 cur
829 2720 897 2782 tulit
917 2730 1020 2784 auctor

266 2807 299 2867 lu
322 2823 470 2867 cameram
493 2805 584 2867 studii
606 2807 711 2867 Troica
735 2804 812 2866 bolla
835 2805 913 2866 sihi?

223 2892 289 2952 Non
312 2898 436 2970 propter
457 2889 577 2969 Trojam
601 2890 762 2970 Trojanum
785 2889 918 2951 scribere
941 2889 1052 2951 bellum

266 2977 325 3036 Aut
346 2975 445 3056 coepit
466 2975 617 3054 Phrygum
641 2973 801 3036 sollicitare
823 2972 940 3053 stylum,

224 3058 283 3120 Sed
306 3059 412 3120 ductus
434 3058 560 3120 meliore
582 3062 627 3118 via
649 3075 842 3137 compescere
863 3076 971 3139 pravos

265 3144 302 3206 Et
323 3161 442 3206 servare
465 3143 513 3204 dei
535 3142 597 3204 vult
618 3145 650 3203 in
672 3161 773 3204 amore
797 3141 900 3204 honos.

225 3228 315 3290 Grata
336 3226 464 3289 medulla
488 3229 561 3289 latet
582 3228 664 3288 omni
685 3226 741 3287 sub
764 3230 877 3289 cortice
899 3244 1011 3296 rerum,

266 3312 304 3372 llt
325 3311 464 3373 nucleum
488 3310 564 3372 celat
586 3311 669 3372 arida
692 3319 766 3372 testa
789 3311 911 3372 bonum.

223 3397 283 3457 Nos
305 3395 393 3457 dccet
414 3395 555 3466 Herodes,
580 3397 657 3457 sicut
678 3396 811 3474 Baptista
834 3395 995 3462 lohannes,

265 3481 371 3542 Erudit
391 3482 447 3542 iste
470 3480 574 3557 honos,
598 3482 716 3541 territat
737 3481 794 3541 iste
815 3477 924 3547 malos;
