2616 4000
439 199 501 260 nra.
520 205 567 256 vr.
602 222 628 256 v.
648 208 790 262 nst-eso.
1039 204 1103 268 175

392 400 585 472 [miurinus
601 393 842 477 Autumnum]

133 509 223 570 Mittit
245 508 281 570 ad
303 509 433 570 Aeneam
456 527 523 570 cum
547 509 757 588 Polydamante
777 511 910 572 'Sinonen

177 594 249 663 Rex.
273 609 338 655 rem
361 612 420 654 non
443 592 532 654 dubia
556 594 721 655 certificare
744 603 822 658 nota.

134 677 273 739 Postulat
296 687 329 739 ot
349 679 476 755 signum,
500 677 584 738 locus
606 681 776 757 assignetur
799 688 828 741 et
849 680 925 740 bora

179 758 341 831 Quomodo,
366 760 493 841 qnando,
518 760 632 838 quibus
657 771 707 824 aut
728 762 780 824 ubi
802 765 852 824 ssat
875 782 960 842 opus.

134 847 204 907 istis
227 846 371 908 Anchises
393 847 526 907 interfuit
549 846 673 916 actibus,
697 849 759 908 istis
1049 857 1101 908 att

178 933 325 1000 Antenor;
348 929 403 991 luit
425 930 479 991 bos
499 928 600 1009 jussus
622 931 705 992 adire
729 933 844 993 Sinon..

301 1075 492 1148 [QUOMODO
511 1077 629 1132 TROJA
647 1077 832 1135 OAPIENDA
851 1077 931 1148 stu]

134 1185 188 1252 Est
207 1184 291 1246 locus
313 1186 344 1244 in
367 1182 467 1262 TrnJa,
490 1184 599 1244 statio
621 1183 673 1244 illo
696 1190 780 1262 porta
803 1183 907 1260 locata,

177 1269 270 1331 Scaea
292 1266 461 1342 vocabatur,
484 1265 591 1347 ampla,
615 1266 734 1338 decora,
757 1270 867 1330 nitens.

134 1354 194 1416 Pro
217 1352 340 1432 reliquis
365 1360 428 1412 orat
449 1353 520 1412 huic
542 1352 680 1431 specialis
703 1350 796 1430 gloria
820 1354 906 1430 signi,

177 1437 250 1498 Post
271 1444 362 1517 caput
382 1438 518 1498 inuentor
541 1435 708 1518 sculpserat
729 1437 804 1510 illud
829 1438 904 1514 equi.
1053 1446 1104 1496 noo

137 1522 302 1584 Audierant
324 1522 397 1582 socii
419 1519 556 1583 scelerati
579 1521 669 1583 verba
693 1522 815 1582 Sinonis

179 1607 211 1668 ln
234 1624 310 1686 qnae
333 1624 366 1666 re
389 1605 543 1678 dederant,
566 1614 650 1683 pacta
673 1608 793 1686 patrare
816 1613 932 1685 parant.

136 1692 255 1765 Nostra,
279 1690 384 1751 Sinon!
407 1689 498 1769 ajunt,
523 1691 642 1752 studeas
665 1690 854 1769 propendere
875 1690 966 1752 verba

180 1775 262 1852 Regi,
286 1792 362 1854 qnae
384 1774 544 1854 loquimur,
568 1775 765 1852 regrediendo
788 1776 883 1835 reler:

132 1861 217 1922 Hanc
234 1865 360 1938 portam,
384 1866 609 1938 monstrantque
625 1857 694 1926 sibi,
717 1858 918 1921 reserabimus
932 1859 1029 1936 Argis,
1052 1867 1103 1918 265

176 1941 320 2006 Nolumus
341 1941 397 2003 hos
419 1943 485 2004 aliis
508 1947 682 2024 apropriare
706 1941 787 2005 loeis.

135 2029 266 2108 Tempus
289 2027 460 2106 captabunt,
484 2028 578 2088 media
602 2046 722 2108 quoque
744 2036 879 2107 tempora
902 2035 1030 2097 servant,

177 2113 301 2173 Venturi
323 2112 470 2191 siquidem
495 2113 627 2192 tempore
649 2113 746 2173 noctis
768 2120 867 2174 erunt.

137 2197 254 2259 Lumen
277 2198 320 2258 eis
343 2195 480 2258 dabimus
501 2215 556 2276 pro
578 2199 673 2275 signo,
696 2196 809 2258 lumine
832 2199 894 2258 viso
1179 2269 1181 2274 ¹

177 2281 317 2343 Protinus
340 2284 371 2342 in
393 2288 510 2360 portam
530 2281 645 2341 Graeca
667 2290 785 2343 caterva
807 2282 887 2344 linat.
1052 2290 1103 2339 270

97 2380 100 2394 ·
135 2366 198 2427 Nos
220 2367 334 2427 erimus
356 2374 485 2444 praesto,
508 2365 577 2446 qnid
601 2368 759 2444 agendum,
783 2383 842 2444 quo
864 2369 904 2427 sit
927 2365 1055 2426 eundum

177 2449 385 2511 indubitanter
407 2451 463 2510 erit
486 2452 605 2529 praevia
628 2460 729 2513 nostra
751 2468 880 2512 manusb

134 2536 172 2595 At
194 2551 248 2595 nos
270 2542 300 2595 et
320 2536 424 2604 nostri,
447 2553 503 2596 nos
525 2542 685 2614 nostraque
707 2553 791 2596 more
813 2542 969 2615 sequestro

181 2617 291 2680 Portae
313 2620 370 2680 iam
394 2617 489 2680 dictae
511 2619 655 2681 stabimus
677 2630 745 2680 ante
768 2619 857 2680 sores.

134 2703 194 2764 Vos
215 2709 332 2783 pactam
355 2711 471 2764 servate
493 2703 591 2775 tidem,
615 2722 673 2764 non
697 2704 826 2780 armiger
848 2701 924 2765 ullus
1052 2711 1103 2761 275

180 2788 338 2866 Contingat
360 2795 478 2849 nostras
499 2807 571 2851 ense
592 2789 639 2848 vel
661 2790 729 2864 igne
752 2787 865 2847 domos.

135 2873 214 2934 Ecce
237 2872 334 2933 locum
357 2872 553 2951 dedimusque
576 2873 631 2934 tibi
653 2890 720 2933 com
742 2879 878 2951 tempore
898 2873 1018 2950 siguum

179 2955 216 3016 Et
237 2963 332 3018 totum
354 2975 456 3017 rernm
480 2965 509 3018 te
532 2958 671 3018 didicisse
694 2956 827 3017 modum.

134 3041 226 3110 Vade,
249 3039 326 3102 vale:
350 3059 420 3102 cave
442 3059 480 3102 ne
503 3042 620 3113 titubes,
645 3040 841 3120 mandataque
864 3039 991 3118 frangas,

179 3127 219 3186 Ac
241 3123 316 3186 nihil
338 3144 373 3186 ex
395 3127 459 3187 istis
483 3127 541 3188 nisi
562 3128 681 3205 pienter
704 3142 783 3202 agas.
1052 3133 1103 3184 280

203 3293 368 3348 254.seh01.
392 3294 559 3345 traditionis.
662 3271 721 3344 258.
739 3292 798 3350 eod.
817 3290 893 3343 Sota.
917 3292 1002 3347 schol.
1020 3291 1101 3344 Aliae

134 3365 233 3426 portos
251 3375 306 3412 non
324 3359 569 3428 babanonauigant,
587 3360 648 3411 ideo
668 3364 752 3425 eaput
771 3360 835 3426 equi
853 3358 990 3425 sculptum
1007 3360 1102 3411 initio

135 3429 193 3479 ista
217 3427 336 3494 speciale
354 3431 470 3494 signum.
574 3432 634 3483 260.'
650 3428 734 3480 schol.
754 3433 825 3493 post.
845 3428 863 3482 i,
882 3444 905 3481 e.
923 3428 1102 3478 extrinsecus.

136 3497 194 3546 279.
213 3496 324 3546 Horatii
342 3501 385 3548 est
402 3497 492 3561 Epist.
511 3498 532 3558 l,
553 3498 594 3559 13,
613 3498 653 3552 19.
