2618 3984
433 138 497 192 Lib.
515 139 551 190 ΙΙ.
588 153 614 196 v,
633 139 776 188 ate-711.

230 261 233 272 '
254 316 256 330 ,
320 283 444 340 varen
461 277 671 339 emlunms
689 282 885 342 aueruroar.
959 265 960 268 ‘

105 377 253 473 'Coeptus
276 391 313 452 ab
336 389 475 467 agricolis
497 407 622 470 superos
645 390 765 451 devenit
786 389 822 450 ad
845 407 948 452 omnes

163 476 345 538 Ambitiosus
368 475 473 544 honor,
497 473 586 538 corda
609 475 738 556 superba
760 477 894 536 movens.
991 530 993 535 ,
1041 480 1044 488 ’

121 561 253 623 Moverat
276 559 398 622 ambitio
420 558 617 629 Palamedem,
641 577 749 639 nempe
771 559 891 620 tenendi

164 645 288 726 Imperii
311 652 462 722 sceptrum
486 661 573 704 eausa
597 643 758 705 momordit
781 662 859 705 eum.

120 729 227 791 Verbis
249 736 280 788 et
302 727 390 790 dictis
413 744 517 788 omnes
539 727 644 789 audire
666 729 799 790 volentes
925 763 927 770 ,
1032 737 1084 788 680

164 811 215 875 Sic
238 813 275 873 ad
296 813 483 891 propositum
504 820 647 892 provocat
668 814 730 892 ipse
752 830 850 874 suum.

121 897 188 960 Non
211 897 287 958 bene
310 914 360 957 res
382 898 488 976 agitur,
512 897 620 976 inquit,
642 905 708 956 suut
732 898 830 960 omnia
853 896 943 975 digno

164 981 222 1042 Tot
244 989 367 1061 propter
388 999 530 1062 proceres
549 976 618 1060 jure
639 981 771 1059 regenda
793 990 881 1043 statu.

96 1067 230 1144 .Reges,
254 1070 342 1145 quive
365 1063 462 1126 solent
483 1066 593 1143 regalia
616 1075 734 1144 sceptra
757 1073 870 1136 tenere,

164 1150 267 1228 Dignis
290 1159 411 1212 ornatos
434 1149 566 1210 moribus
588 1167 654 1210 esse
677 1151 772 1211 decet.
1034 1163 1083 1212 oea

120 1235 186 1296 Nou
208 1240 278 1294 suut
298 1232 440 1295 laudandi
462 1235 518 1293 nisi
540 1234 725 1304 strenuitate,
747 1232 856 1306 valore,

161 1317 291 1392 Robore,
314 1317 450 1386 consilio,
475 1317 650 1395 dapsilitate,
674 1319 775 1379 duces.

120 1403 166 1464 Sit
187 1420 242 1463 rex
263 1400 414 1472 flexibilis,
436 1403 512 1481 pius,
536 1402 696 1463 exorabilis
717 1403 802 1480 isque

162 1484 313 1564 Subjectis
335 1503 438 1564 agnus,
462 1486 599 1562 hostibus
622 1505 709 1548 ursus
732 1489 798 1548 erit.
1005 1561 1007 1565 Ι

119 1571 275 1652 Nunquam
299 1573 482 1650 conspicitur
506 1570 628 1632 meliore
651 1574 781 1648 potentia
805 1590 902 1638 causa,
1032 1582 1082 1631 690

161 1655 255 1727 Quam
279 1656 395 1736 quoties
417 1672 506 1714 vanas
528 1673 588 1716 non
609 1657 683 1733 sinit
705 1674 770 1717 esse
791 1673 907 1735 preces.

122 1741 167 1800 Sit
188 1743 426 1818 circumspectus
446 1757 510 1809 rer,
533 1740 762 1819 circumspectio
784 1741 878 1817 regim

160 1823 283 1886 Famem
305 1823 392 1885 laude
414 1823 518 1902 replet,
542 1840 591 1884 res
613 1826 645 1884 in
667 1824 783 1886 honore
806 1829 896 1885 tenet.

119 1908 196 1968 Num
219 1907 289 1986 quid
314 1926 368 1985 ego
391 1916 494 1970 nostro
516 1906 622 1989 loquor
644 1908 695 1970 bio
710 1926 765 1988 pro
785 1909 922 1987 principe
937 1909 1080 1970 verbum?

162 1991 227 2052 Non
251 1993 299 2053 dat
321 1993 356 2052 ad
378 1993 475 2054 ollicia
497 1993 612 2072 singula
636 2009 724 2072 posse
747 2011 843 2054 suum.
1030 2004 1081 2054 700

119 2077 177 2136 Sed
201 2077 298 2138 miuus
321 2081 365 2136 est
386 2077 473 2138 docto
495 2078 566 2158 quid
588 2077 723 2156 prodest,
746 2077 825 2158 quod
847 2079 926 2156 gerit
948 2086 1030 2139 exue

125 2209 131 2215 .
167 2160 284 2221 Grande
306 2162 510 2241 supercilium,
533 2163 585 2241 qui
607 2161 682 2222 nihil
705 2163 784 2224 intus
806 2161 905 2223 habet.

118 2245 253 2323 Regnum
276 2243 427 2325 dilapidat,
451 2247 503 2326 qui
523 2264 649 2325 regnum
673 2245 794 2309 rudibili
817 2245 876 2314 dat,

160 2328 214 2390 Est
234 2332 345 2390 vestire
367 2330 471 2392 sudem
495 2340 611 2411 sceptra
635 2341 738 2392 tenere
760 2331 875 2392 rudem.

115 2414 197 2474 Adde
220 2413 299 2494 quod
322 2431 358 2474 ex
380 2413 481 2475 multis
503 2433 643 2495 proceres
665 2415 838 2494 regionibus
859 2415 976 2486 adsunt,
1030 2425 1080 2476 roo

157 2498 290 2578 Cumque
313 2517 368 2559 suo
390 2501 471 2580 venit
492 2501 587 2580 patria
610 2519 746 2581 quaeque
769 2499 853 2563 duce.

115 2581 281 2660 Ingenium,
305 2600 368 2652 eor,
391 2582 555 2654 consilium,
579 2586 697 2646 virtutis
718 2602 843 2645 acumen

157 2665 314 2737 Quaelibet
333 2685 352 2728 a
374 2670 498 2748 proprio
520 2670 601 2731 natio
623 2671 742 2748 quaerit
763 2669 847 2729 hero.

115 2747 288 2812 Consentire
312 2754 405 2830 magis
426 2752 457 2812 hi
479 2752 665 2815 delectantur
686 2754 717 2813 in
739 2771 830 2814 unum

156 2836 180 2895 l
203 2837 321 2898 cunctis
343 2835 483 2908 dandum,
506 2855 595 2917 quam
617 2839 752 2916 reperire
775 2837 886 2898 datum.
1030 2848 1080 2897 710

113 2917 166 2978 llis
188 2920 289 2983 verbis
311 2920 413 2982 allexit
434 2941 495 2990 eos,
519 2921 690 3002 studuitque
712 2923 884 3000 frequenter

181 3171 241 3222 676.
259 3170 394 3238 Marginia
412 3173 498 3224 schol.
534 3174 591 3224 Iste
609 3173 774 3224 Palamede·
793 3172 867 3224 filius
890 3178 949 3226 eral
966 3174 1079 3240 Nauplii
1144 3217 1146 3220 .

113 3236 163 3287 filii
181 3239 310 3303 Neptuni.
379 3241 429 3292 684
447 3256 490 3307 sq.
519 3242 675 3292 conferatur
699 3241 824 3292 Gualteri
846 3241 1003 3297 Alexandr..
1031 3243 1078 3292 nbi

113 3304 184 3356 libro
219 3305 307 3370 primo
337 3307 504 3360 Aristotelea
537 3307 632 3359 oifioia
666 3310 741 3373 regia
769 3307 925 3359 Alexandro
955 3311 1077 3374 exponit.

112 3371 325 3424 secundante.
394 3377 452 3427 690.
481 3377 642 3441 emargine
665 3391 714 3440 pro
738 3377 890 3442 potentiae.
959 3378 1017 3428 690.
1036 3379 1077 3431 91.

112 3439 193 3491 Orid.
212 3455 227 3491 o
244 3441 325 3493 Pont.
344 3443 380 3501 Il,
399 3445 423 3504 9,
444 3445 484 3496 to.
505 3445 545 3496 16.
623 3445 683 3495 708.
708 3459 722 3493 e
741 3460 825 3509 marg.
844 3459 893 3509 pro
912 3444 970 3495 eod.
988 3444 1077 3495 homo.
1134 3473 1137 3477 -
