2616 4000
215 153 275 218 186
525 157 585 208 Lib.
605 156 651 206 VI.
688 173 713 204 v.
732 158 876 208 oeta-580.

213 308 302 386 Trnja
325 308 403 386 jacet
426 315 507 368 certe
530 309 638 370 Danais
660 309 752 369 invisa
776 301 892 386 puellis,

255 393 314 452 lam
338 391 412 454 bove
435 394 548 470 eaptino
571 394 712 470 Pergama
736 395 831 452 vietor
852 399 924 452 arat.

213 476 275 536 Sub
298 475 424 554 pedibus
446 475 571 541 ualeatis
590 495 664 547 earn,
688 495 762 552 quae
785 478 912 536 maxima
936 473 1046 536 dudum

254 558 385 638 Regibus
408 570 436 620 et
458 563 573 638 magnis
593 560 785 639 imperitabat
807 560 896 620 beris.

211 645 380 705 Promernit
403 652 501 705 nostra
525 661 647 720 magnas
669 647 831 705 constantia
854 642 964 712 laudes,
1125 653 1175 700 555

254 729 311 788 Per
334 746 387 788 nos
409 730 438 788 in
462 729 561 789 cinere
582 727 671 806 Troja
694 729 806 807 sepulta
826 727 913 806 jacet.

211 813 269 872 Vos
293 811 374 882 baec,
397 831 449 874 vos
471 814 600 892 inquam,
625 814 746 873 victoria
768 812 840 872 solis
861 811 899 872 ab
922 819 989 872 ortu
1061 825 1065 828 ·

254 895 333 957 Solis
355 895 389 955 ad
414 914 550 958 oceasum
575 895 669 958 laudis
692 897 805 958 bonore
828 895 913 955 leret.

211 979 304 1040 lmmo
327 988 475 1041 terrarum
499 997 557 1057 quo
579 987 714 1066 tempore
736 980 862 1041 volvitur
884 979 974 1048 orbis„

253 1063 398 1124 Omnibus
413 1064 451 1125 in
472 1064 583 1142 linguis
606 1067 660 1126 iste
683 1064 852 1143 triumphus
875 1065 941 1124 erit.
1124 1073 1176 1120 555

210 1146 330 1226 Trojam
353 1148 468 1217 devicit,
492 1148 661 1216 cantabunt,
686 1151 806 1210 Graecia
830 1149 943 1214 victrix,
977 1191 981 1198 .

208 1263 213 1266 ·
254 1231 382 1292 Crimine
405 1250 480 1310 qnae
503 1233 619 1294 l'aridis
641 1237 673 1294 tit
695 1251 795 1310 rogus,
820 1233 889 1292 inde
913 1232 998 1290 cinis.

210 1314 321 1376 Obruta
345 1314 431 1393 Troja
456 1316 542 1378 docet
564 1318 666 1378 mundi
689 1318 758 1397 quid
781 1319 813 1376 in
835 1314 974 1377 omnibns
996 1315 1069 1374 antis

252 1400 304 1459 Est
322 1401 433 1461 uirtus:
455 1400 571 1479 placitis
592 1401 767 1462 abstinuisse
790 1399 885 1460 bonis.

210 1483 348 1543 El'iieiens
369 1483 418 1543 ille
441 1493 541 1546 manet
562 1484 629 1545 urbi
651 1503 740 1546 eausa
763 1486 877 1551 ruinae,
1125 1491 1176 1539 555

253 1572 348 1628 Ausus
370 1567 495 1645 legitimi
518 1568 619 1630 fallere
639 1567 704 1647 jura
729 1570 795 1630 tori.

211 1649 256 1711 Ob
280 1651 393 1713 Paridis
414 1653 556 1729 praedam
580 1653 750 1732 praedatam
774 1649 894 1711 cernitis
916 1647 1030 1718 urbem,

250 1735 305 1794 Hie
328 1737 432 1797 1551115
455 1737 542 1806 venit,
564 1737 613 1798 illa
637 1735 762 1814 maligna
787 1736 852 1795 init.

141 1847 142 1850 =
210 1816 267 1878 Vos
289 1823 360 1880 istas
382 1819 470 1880 bodie
492 1839 542 1882 res
565 1821 733 1900 diripuistis
754 1817 888 1885 honeste,

252 1902 371 1964 Viribus
394 1905 495 1982 egistis
517 1907 625 1972 omnia,
651 1905 756 1966 iraude
779 1900 863 1964 nibil.
1125 1911 1177 1958 575

152 2015 156 2022 ·
209 1987 301 2057 Onam
326 1987 411 2055 bene,
434 1989 513 2067 quod
537 1990 814 2068 praedamnantem
838 1985 979 2062 portastis
1001 1986 1032 2043 in
1057 2001 1159 2053 unam,

253 2071 303 2130 Est
325 2072 412 2148 spolii
436 2071 531 2132 danda
554 2075 652 2151 portio
675 2075 781 2153 cuique
805 2088 869 2134 sua.

211 2154 270 2231 llis,
294 2154 404 2233 quibus
427 2164 472 2216 est
494 2159 639 2236 promissa
663 2157 744 2223 fides,
769 2161 862 2215 estote
885 2151 995 2226 fideles,

252 2239 346 2300 Fraus
367 2238 460 2300 absit:
487 2258 591 2302 vacuas
613 2241 712 2302 eaedis
736 2238 842 2300 habete
865 2254 979 2297 manus.

210 2323 309 2383 Laudo
332 2341 391 2392 vos,
415 2323 467 2383 sed
489 2326 520 2384 in
543 2324 600 2385 boe
621 2342 681 2385 non
704 2323 802 2389 laudo,
827 2320 915 2382 vultis
938 2320 1048 2380 eisdem
1126 2330 1178 2378 515

252 2405 361 2468 Strinte
384 2408 559 2485 promissam
583 2410 607 2468 si
630 2417 776 2470 temerare
798 2405 897 2466 fidem.

131 2537 133 2540 .
211 2490 242 2549 Si
265 2493 305 2551 sit
327 2500 492 2552 contactum
516 2495 672 2573 quiequam
695 2493 733 2553 de
756 2489 847 2551 rebus
869 2505 982 2556 eorum,

252 2574 403 2636 Reddatur
425 2580 554 2653 penitus,
573 2581 678 2638 ‘omnis
700 2575 803 2635 abesto
826 2573 920 2634 dolus.

210 2659 324 2720 Aeneas
346 2667 464 2731 maneat
486 2678 553 2722 eum
580 2660 790 2740 Polydamante
812 2658 937 2736 quietus²
970 2693 972 2696 -

251 2743 303 2803 His
326 2752 389 2804 erat
410 2743 558 2823 dealegon
584 2753 613 2805 et
635 2763 738 2822 eomes]
756 2743 819 2821 ipse
843 2739 952 2806 Dolon;
1126 2748 1179 2796 580

184 2939 185 2944 ,
276 2896 334 2944 551.
357 2895 476 2944 imitatio
495 2892 591 2944 Sabini
610 2896 637 2948 Ι.
663 2895 711 2942 12:

338 2991 342 2998 ι
360 2977 414 3011 non
432 2977 475 3011 me
493 2960 578 3024 Troja
596 2965 674 3011 tenet
692 2958 785 3020 Grnjis
804 2957 900 3008 odiosa
919 2954 1028 3020 puellis¹

209 3031 268 3080 552.
289 3028 374 3082 sehol.
393 3028 524 3094 possibile
542 3029 626 3093 ponit.
645 3027 724 3079 Ovid.
743 3025 855 3075 Heroid.
874 3025 897 3086 Ι,
916 3025 956 3074 51.
976 3025 1018 3073 52.

412 3123 442 3132 -
462 3123 494 3132 -
511 3123 544 3132 —-
562 3096 610 3146 uui
628 3094 703 3147 mihi,
712 3095 849 3158 Pergama
866 3095 986 3149 restent;

370 3164 466 3215 Incola
483 3163 594 3228 captivo
612 3178 683 3227 quae
701 3161 771 3212 bove
789 3160 879 3211 vietor
896 3164 966 3211 arat.

209 3233 268 3282 564.
304 3229 399 3281 Ovidii
423 3233 468 3281 551
490 3231 602 3284 Heroid,
626 3229 715 3286 XVII,
739 3228 780 3279 98.
891 3227 949 3279 565.
976 3223 1060 3276 schol.
1084 3218 1179 3283 Paris,

209 3299 268 3348 566.
288 3298 514 3362 Ov.Her.XV1‚
534 3300 584 3349 284

411 3363 550 3430 Castaque
568 3364 688 3429 legitimi
706 3361 805 3414 fallere
822 3358 886 3422 jura
905 3360 958 3410 tori

209 3434 268 3484 571.
287 3432 374 3483 schol.
395 3448 418 3497 q.
436 3433 464 3484 b.
485 3433 593 3482 fecistis
611 3434 640 3481 in
659 3431 724 3480 boc:
777 3431 834 3481 574,
856 3427 934 3478 Ovid¹
949 3428 999 3476 Ars
1012 3424 1071 3474 Am.
1082 3423 1103 3487 1,
1119 3427 1179 3476 641.
