2616 4000
1051 165 1113 284 2'01

150 377 242 438 Vince
264 377 348 456 prius
370 375 525 445 Venerem,
550 377 575 437 si
600 375 641 436 vis
663 394 756 457 eques
778 391 843 437 asse
867 375 997 446 virilisa

195 461 299 528 Armis
315 467 345 521 et
367 461 475 522 Veneri
498 479 587 522 nemo
609 478 714 522 vacare
735 467 842 540 petest.

151 544 214 606 Nee
235 545 309 616 laus,
333 562 389 606 nee
412 545 556 626 probitas,
581 563 636 606 nee
659 544 755 605 honor
777 561 921 622 superare
943 542 1087 624 puellam:

193 629 252 691 Sed
276 628 399 692 Veneris
420 630 524 691 vitium
547 631 666 690 vincere
688 629 784 690 laudis
801 645 891 708 epus.
1083 637 1116 686 te

150 713 216 776 Noli
240 732 319 776 nune
342 716 453 776 irustra
476 715 600 779 Veneris
622 713 673 774 sed
697 722 793 775 eastra
815 713 974 774 Minervae.

193 799 273 860 llaec
295 798 382 860 ducet
403 798 452 860 illa
476 798 561 869 iurit;
586 800 658 860 haee
678 797 768 878 juvat,
792 797 840 860 illa
862 803 959 860 nocet.

150 885 215 944 lam
238 884 383 964 resipisce
404 883 485 960 Pari,
508 901 655 963 naresque
676 883 814 962 relinque
837 887 962 959 paratas,

193 967 322 1030 Consilio
344 986 455 1047 parens
474 969 535 1047 jam
558 970 701 1047 resipisce
723 967 804 1028 Parii
850 1017 852 1020 .
1065 1033 1072 1040 ,

153 1054 226 1116 Cum
250 1045 296 1114 sit*
311 1071 394 1114 amor
417 1055 532 1122 vetitus,
556 1055 639 1114 vetiti
660 1051 756 1113 malus
778 1060 863 1112 aetus
884 1051 1005 1112 amoris.
1085 1059 1117 1108 tu

195 1138 228 1198 Si
250 1136 345 1198 malus
368 1155 439 1215 ergo
461 1145 563 1206 nocet:
586 1137 612 1196 si
634 1145 730 1205 nocet,
754 1153 826 1214 ergo
849 1134 927 1213 luge.

152 1220 242 1300 Cujus
264 1230 367 1301 coepta
390 1220 496 1289 scelus,
519 1221 652 1283 medium
676 1223 774 1291 timer,
798 1220 895 1281 exitus
917 1221 1010 1298 ignis:

195 1306 240 1366 'lu
262 1307 343 1384 luge,
365 1315 397 1366 tu
419 1304 556 1386 reproba,
579 1313 612 1366 tu
635 1305 794 1367 metuendo
819 1322 899 1366 eave.

155 1390 213 1457 Sed
228 1399 380 1470 euncepta
404 1392 509 1471 nequis
532 1393 624 1452 vitare
648 1391 788 1470 cupidine
812 1391 914 1459 rietus,

196 1474 261 1546 Quo
283 1475 481 1556 quodeunque
503 1492 592 1554 paras
614 1483 698 1556 peste
720 1492 828 1554 parare
851 1491 963 1554 parem·
1085 1483 1119 1533 80

154 1560 197 1621 Te
221 1567 271 1620 tua
292 1560 351 1619 lata
375 1558 507 1631 trahunt,
530 1577 567 1620 ue
590 1568 694 1637 coepta
717 1558 887 1638 relinquere
910 1559 1022 1637 possis:

199 1643 237 1706 Ut
259 1645 356 1724 rapias
379 1641 521 1705 Helenam
543 1653 573 1705 te
596 1652 645 1704 tua
667 1643 727 1704 lata
750 1643 879 1704 trahunt.

155 1730 204 1790 stc
227 1737 272 1790 eet
294 1729 391 1790 omnis
413 1745 524 1796 amans,
547 1730 590 1788 sie
612 1746 653 1797 se,
677 1729 720 1788 sie
742 1728 840 1787 umida
864 1727 991 1803 spernit:

197 1813 371 1883 Consilium,
395 1814 515 1882 lamam,
540 1812 672 1881 foedera,
694 1811 771 1891 jura,
796 1811 878 1871 dees.

156 1898 212 1960 llic
234 1915 318 1958 amor
337 1899 374 1957 'ul
395 1915 548 1977 praeceps,
573 1906 605 1957 ut
627 1914 744 1966 coecus,
769 1904 801 1957 ut
823 1897 1016 1975 impetuosus,
1087 1903 1120 1954 85

201 1981 239 2044 Ut
260 1981 376 2042 ratione
399 1999 516 2052 carens,
539 1983 635 2042 nescit
657 1980 769 2042 habere
792 1982 922 2042 mudum.
988 2016 990 2020 -

156 2066 213 2128 Hie
236 2084 319 2128 amor
342 2074 388 2127 est
409 2084 520 2137 amens,
544 2066 612 2127 aliis
634 2068 776 2128 inimicus
798 2075 828 2126 et
848 2065 921 2143 ipsi;

198 2149 264 2212 Nun
287 2168 380 2220 amor,
403 2151 495 2211 immo
518 2149 629 2220 seelus;
655 2168 713 2210 non
735 2149 843 2219 scelus,
867 2149 958 2210 immo
981 2149 1076 2210 luror.

156 2235 281 2297 lustruit
303 2250 375 2311 ergo
398 2241 485 2306 rates,
508 2238 615 2297 transit
636 2253 729 2304 mare,
753 2235 870 2314 quaerit
892 2234 1027 2304 amicam,

200 2319 283 2380 Hane
304 2321 392 2400 rapit,
415 2320 470 2380 hae
494 2321 613 2389 inuitur,
637 2320 713 2380 lianc
736 2317 813 2380 male
836 2326 917 2379 tutus
939 2317 1038 2379 habet.
1087 2328 1121 2376 90

157 2404 304 2467 Custodes
324 2422 378 2464 seu
402 2405 437 2474 ri,
461 2423 514 2465 seu
537 2421 672 2473 munere,
696 2421 749 2465 seu
772 2422 862 2484 prece
887 2403 963 2472 victi,

201 2486 252 2548 Vel
275 2506 358 2558 nece,
383 2487 427 2549 vel
449 2487 582 2560 latebris,
607 2489 653 2548 vel
675 2490 793 2566 periere
816 2495 906 2548 metu.

157 2572 222 2644 Quo
245 2591 298 2634 rex
321 2573 423 2636 audito
445 2573 604 2652 Menelaus,
627 2573 697 2632 dum
720 2572 823 2632 iremit
843 2573 898 2639 ira,

201 2658 256 2718 Vix
278 2665 360 2719 tenet
381 2676 397 2718 a
419 2657 516 2737 gladio
539 2677 571 2718 se
595 2657 723 2719 feriente
745 2675 860 2717 manus.

157 2741 231 2812 Flet,
255 2751 346 2817 tonat,
370 2744 489 2808 insanit,
513 2742 640 2811 frendet,
664 2742 767 2819 gemit,
791 2749 915 2810 aestuat,
939 2739 1031 2808 ardet,
1087 2747 1120 2796 95

202 2827 322 2888 lneusat
343 2844 478 2905 superus,
501 2827 627 2895 moenia,
650 2827 719 2893 lata,
743 2827 861 2886 iretum.

158 2911 228 2973 Odit
250 2913 329 2972 enim
354 2914 441 2972 vitam
464 2910 551 2971 simul
575 2919 604 2971 el
626 2909 729 2971 solatia
753 2913 843 2970 vitae:

202 2995 331 3065 Divitias,
353 2998 498 3074 requiem,
523 2995 638 3073 gaudia,
662 3003 789 3074 sceptra,
813 2993 924 3055 cibum.

158 3079 268 3141 Mavult
288 3081 354 3160 ipse
378 3083 468 3141 muri:
493 3082 560 3159 quia
585 3097 643 3140 nen
666 3081 812 3140 moriatur
834 3078 958 3149 adulter,

201 3165 252 3226 Sie
275 3182 338 3233 sua,
362 3166 402 3226 sie
425 3171 545 3244 reputat
566 3183 598 3226 se
622 3164 693 3224 nlltil
716 3162 828 3244 absque
850 3182 914 3224 sua.
1075 3172 1124 3222 100

160 3249 313 3310 Exeidium
336 3246 443 3328 Trojae
466 3255 582 3316 tractat,
606 3247 735 3316 molitur,
760 3247 892 3309 anhelat:

204 3332 281 3394 llum
304 3333 400 3394 solum
423 3333 557 3394 Paridem
583 3335 662 3396 ducit
684 3333 769 3393 obire
794 3351 909 3413 parum,

229 3520 270 3571 tl.
300 3517 404 3568 frustra
420 3518 569 3582 =f1·usta,
589 3519 704 3568 ireuale.
