2616 4000
209 209 272 274 194
513 213 575 262 cra.
594 211 640 264 vr.
678 230 702 268 v.
723 215 865 270 rsa—811.

209 364 317 424 Aeolus
339 363 454 426 interea
479 364 586 426 tullens
609 364 644 424 ad
668 365 764 426 sidera
787 365 896 428 lluctus

251 449 433 510 Graecorum
455 449 569 512 ratibus
592 452 678 511 triste
700 451 831 511 minatur
853 468 943 518 onus;

209 533 355 594 Densatur
377 533 492 594 coelum
514 535 581 612 pice
604 536 726 611 nigrius,
748 536 863 611 ingruit
885 534 990 605 imber,
1128 549 1179 599 785

251 615 322 678 Vela
345 615 520 696 procellosis
542 617 724 697 dejiciuntur
747 621 840 697 aquis.

206 701 330 762 Inchoat
351 701 502 764 horrendo
526 704 645 764 misceri
669 721 822 764 murmure
844 712 961 782 pentec,

250 785 344 848 Nacta
366 786 553 864 gubernandi
575 787 687 866 grande
709 787 866 866 perhorret
889 807 974 869 opus.

207 870 269 932 Nec
292 889 383 939 mora.
408 872 568 949 diffugiunt
590 879 620 932 et
642 881 721 932 rasta
744 889 950 952 persequere
973 883 1110 947 currunt,

252 956 403 1036 Saevaque
426 966 597 1034 spumantes
620 958 753 1018 concutit
774 975 845 1017 aura
868 968 966 1028 rates;
1122 970 1174 1020 790

206 1041 373 1102 Locrorum
395 1039 500 1102 elassis
522 1040 685 1102 immitibus
708 1039 815 1102 obruta
839 1044 932 1104 ventis

250 1123 409 1202 Frangitur
431 1126 461 1186 in
482 1124 581 1186 medio
604 1123 770 1194 delacerata
792 1126 877 1196 lreto,

75 1209 99 1236 ¹¹
207 1208 269 1270 Nec
292 1213 362 1270 satis
385 1211 495 1270 insanis
518 1219 564 1270 est
586 1211 664 1287 quod
686 1211 883 1287 corrlringitur
906 1212 1000 1278 undis.
1089 1233 1106 1299 Δ,

249 1293 318 1356 Plus
341 1311 432 1364 mare,
455 1296 504 1353 cui
528 1297 632 1373 parcit,
657 1295 792 1356 fulminis
814 1296 881 1373 igne
905 1299 993 1374 perit.

145 1399 147 1404 ·
206 1378 269 1438 llex
292 1377 362 1456 Ajax
387 1377 484 1438 videat
505 1395 595 1458 quum
619 1387 714 1439 terras
737 1378 866 1456 undique
891 1376 986 1442 nullas
1125 1390 1175 1440 tae

249 1461 415 1540 Naufragus
436 1464 467 1522 in
490 1461 595 1524 mediis
617 1457 738 1524 brachia
761 1463 850 1524 lassat
873 1467 966 1544 aquis.

206 1547 301 1609 Littus
324 1556 357 1608 ut
378 1547 506 1608 inveniat
527 1547 621 1608 nudos
643 1548 737 1626 quatit
758 1547 807 1608 ille
829 1546 972 1618 lacertos,

190 1662 193 1669 ·
249 1631 352 1692 Exitus
375 1631 423 1691 bic
445 1632 550 1692 lractis
571 1632 724 1711 puppibus
747 1651 812 1693 esse
835 1631 919 1693 solet.

208 1716 312 1778 Cetera
335 1715 422 1778 turba
445 1715 516 1777 licet
538 1715 619 1795 ligno
642 1716 778 1777 tabulate
802 1715 933 1784 rebatur,

250 1801 325 1862 Dum
349 1800 428 1861 cadit
449 1802 480 1861 in
502 1801 641 1880 scopulos
662 1800 798 1880 piscibus
821 1819 887 1861 esca
911 1800 1007 1862 datur.
1122 1811 1176 1860 800

209 1883 385 1965 Exemplum
408 1887 522 1964 positus
538 1887 636 1946 animi
659 1883 920 1968 patientissimos

249 1969 379 2032 lactatur
402 1969 492 2030 dubio
515 1989 569 2049 per
593 1971 650 2030 dua
673 1968 767 2031 lustra
790 1971 873 2030 mari.

207 2055 334 2134 lnsuper
357 2061 453 2115 aetate
475 2066 616 2133 provecta
639 2054 737 2116 clarus
760 2052 879 2122 abillo,
985 2046 997 2068 “

208 2211 212 2218 ,
250 2137 304 2200 Cui
325 2137 402 2200 bene
425 2138 590 2210 confideris,
614 2137 736 2200 vulnere
758 2139 856 2200 lassus
878 2139 950 2201 obit.

207 2222 345 2286 tasstbus
367 2224 511 2286 intererat
533 2231 562 2284 et
585 2222 727 2292 cladibus,
751 2221 799 2284 his
821 2222 990 2292 Diomedes,
1126 2231 1177 2280 805

255 2311 390 2369 Attamen
413 2308 443 2366 in
466 2310 621 2387 proprium
645 2307 765 2368 devenit
785 2304 834 2367 ille
857 2305 965 2370 locum.

210 2393 387 2453 idomeneus
410 2392 479 2454 item
503 2409 562 2452 non
585 2410 677 2471 pauca
701 2392 830 2469 pericula
854 2409 958 2471 passus

251 2477 344 2537 lntrat
365 2494 433 2537 cum
456 2477 544 2537 sociis
566 2477 660 2556 patria
682 2482 759 2535 tecta
781 2477 856 2545 suis;

209 2561 335 2622 Devenit
356 2569 385 2622 el
407 2559 523 2631 Nestor,
547 2559 651 2622 solitus
674 2577 854 2640 componere
876 2559 951 2626 lites,

250 2645 435 2722 Extinguens
457 2647 518 2706 irae
539 2646 622 2725 pacis
645 2648 676 2705 in
698 2642 793 2704 imbre
816 2643 912 2714 laces;
1126 2651 1180 2700 810

210 2730 255 2790 Ad
278 2748 329 2791 sua
353 2731 513 2791 deveniunt
535 2731 622 2792 eliam
646 2729 771 2790 confinia
795 2729 923 2808 quidam,

207 2899 264 2950 783.
284 2899 334 2952 Or.
354 2900 418 2953 Met.
435 2899 484 2959 IV,
504 2900 561 2950 701.
579 2901 601 2948 2.

434 2991 467 3000 ·-
485 2991 519 3000 —
537 2981 672 3030 paresque
692 2965 727 3014 cd
745 2962 836 3014 sidera
854 2961 970 3028 supplex

361 3032 461 3083 Cressa
479 3047 576 3084 manus
595 3032 700 3082 tollens.

208 3104 265 3152 787.
284 3101 359 3166 Virg.
379 3100 447 3154 Aen.
465 3101 488 3164 1,
508 3103 556 3152 128

358 3166 470 3218 Interes
487 3183 585 3233 magno
604 3166 713 3218 misceri
731 3181 865 3216 murmure
884 3171 1005 3231 pontum.

208 3238 265 3289 796.
285 3236 327 3285 96.
345 3234 439 3285 Ovidii
456 3237 536 3284 Pout.
555 3235 577 3297 1,
595 3238 620 3295 6,
639 3239 681 3289 33.
700 3236 734 3285 34

359 3301 439 3352 Haec
458 3302 533 3365 facit,
552 3308 593 3364 ut,
611 3302 706 3354 videat
724 3307 778 3352 etc.

395 3371 554 3434 Naufragus
571 3371 600 3421 in
618 3369 714 3420 mediis
732 3367 847 3420 brechia
861 3367 952 3432 jactet
971 3367 1060 3432 aquis,

206 3442 298 3487 tamen
320 3451 368 3502 pro
390 3437 478 3488 nostri
495 3437 622 3501 „lassar‘
637 3436 729 3502 jactat
746 3451 849 3500 ponere
872 3435 1018 3486 noluimus.
1115 3435 1178 3488 806.

203 3504 312 3568 Margo.
348 3503 508 3556 Idumeneus
525 3505 630 3556 occisus
650 3505 685 3555 ab
704 3505 833 3566 Hectore,
851 3503 923 3554 alius
942 3509 1003 3554 eret
1021 3503 1083 3554 istc.
