2616 3980
90 96 218 266 's
504 228 567 284 Lib.
585 230 614 284 Ι..
637 245 663 280 v.
681 231 790 283 ott-87.

286 337 290 344 ’
383 373 524 430 annom
541 376 724 441 ouannau
741 377 921 434 rosunum.

169 500 313 578 Vipereos
336 497 440 559 dentes
459 500 492 560 in
515 498 638 560 lrumum
662 517 717 578 pro
739 501 851 561 semine
874 504 978 575 iactos,
1032 497 1041 516 ⁸

210 583 248 643 Et
268 580 367 643 subito
390 589 475 644 natos
497 601 578 644 arma
600 583 704 646 tulisse
727 587 820 644 viros:
942 645 944 649 ,
1102 600 1135 649 60

167 667 348 745 Terrigenas
370 666 505 748 populos,
530 667 610 728 civili
632 669 726 729 Marte
748 678 932 751 peremptos

209 751 289 812 Ense
311 752 362 830 qui
385 753 504 814 strictas
526 771 707 814 conseruere
730 771 845 824 manus,

166 835 288 897 Medeae
310 835 416 906 studio,
440 836 541 898 credat
562 837 671 898 ludcus
694 836 809 917 Apella3

87 917 90 921 ’
210 919 276 980 Non
300 937 355 1002 ego
377 922 445 982 ficta
469 922 597 1002 quidem,
621 939 681 982 non
705 940 738 983 ea
761 921 837 984 lacta
860 925 932 985 scio.
1067 990 1071 1008 ι

167 1002 225 1064 Sed
248 1005 272 1065 si
295 1004 415 1066 Medeae
437 1008 537 1084 rapuit
558 1007 703 1068 tutamine
724 1005 830 1086 pellem
1099 1020 1132 1070 oo

93 1165 99 1174 ἱ
209 1088 262 1150 Vel
284 1090 412 1170 propriis
436 1098 550 1152 tantum
574 1089 697 1162 viribus,
721 1093 784 1169 ipse
806 1093 890 1153 sciat.

169 1171 375 1253 Hanc'rapuit
397 1174 458 1245 sed,
483 1193 516 1236 ea
540 1191 719 1254 quocunque
741 1175 796 1238 sub
819 1178 917 1239 omine
939 1186 1034 1258 rapta,

210 1257 282 1319 Cum
305 1258 416 1338 praeda
441 1260 530 1321 rediit
552 1261 692 1339 protinus
712 1259 763 1322 ille
785 1280 849 1323 sua.
1121 1259 1138 1272 ‘

310 1421 515 1477 LAOMEDON
533 1422 609 1478 cult
626 1423 762 1480 MULTIS
781 1424 987 1482 OCOIDITUR.

166 1545 282 1607 Acriter
303 1543 480 1606 Herculeam
503 1547 656 1608 succendit
677 1548 769 1608 laesio
792 1555 922 1609 mentem

209 1628 310 1690 Pridie
326 1647 402 1708 ¹cum
423 1633 506 1691 socio
529 1631 638 1693 Iasone
660 1632 736 1692 lacta
759 1634 832 1702 viro,
1100 1643 1133 1693 to

167 1713 293 1784 Quando
315 1715 377 1774 suis
399 1714 453 1774 bos
475 1715 643 1776 Laomedon
668 1717 769 1776 effudit
793 1715 830 1776 ab
854 1719 916 1778 oris

214 1796 332 1859 Pellene
354 1798 504 1887 advectam
528 1817 587 1860 non
610 1802 676 1860 sine
698 1818 771 1878 pace
795 1808 898 1862 ratem.

166 1881 262 1942 Heres
283 1883 426 1953 incendit,
450 1892 483 1944 ut
506 1902 568 1946 rem
592 1884 724 1945 declaret
746 1886 857 1954 amicis,

129 2026 133 2032 ,
212 1964 291 2036 Quos
314 1973 398 2046 putat
419 1965 590 2046 obprobriis
612 1965 802 2030 condoluisse
823 1970 895 2030 suis.

167 2049 347 2128 Aggreditur
370 2061 569 2131 properanter
592 2072 644 2114 eos
667 2053 836 2133 ubicunque
859 2062 1013 2116 morantur
1099 2067 1131 2116 75

209 2135 371 2214 Exponans
395 2139 486 2197 animi
509 2137 621 2198 fervida
644 2145 708 2198 vota
732 2137 788 2199 sui.

60 2235 64 2242 ·
167 2218 305 2298 Spartam
325 2221 471 2300 pervenit,
494 2220 599 2283 Pollux
622 2229 652 2282 et
674 2223 778 2284 Castor
800 2222 896 2285 eidem

209 2304 248 2365 Se
270 2303 415 2384 praebent
437 2312 467 2368 et
488 2324 564 2385 opus
585 2304 727 2367 auxiliare
750 2315 865 2368 vovent.

117 2457 120 2460 ,
167 2387 211 2449 Ad
233 2388 332 2451 Pbtias
354 2390 499 2450 convertit
520 2393 586 2461 iter,
609 2389 790 2471 Peleumque
811 2394 951 2472 requirit,

211 2472 267 2544 Qui
290 2471 375 2536 miles
396 2473 522 2535 validam
546 2476 672 2554 spondet
693 2484 724 2536 et
744 2478 808 2554 ipsc
830 2492 962 2538 manum.
1097 2486 1132 2536 80

166 2555 259 2626 Fecit,
283 2567 312 2618 et
334 2557 405 2619 binc
427 2558 494 2620 navi
515 2562 596 2621 venit
619 2562 708 2620 etiam
730 2561 761 2620 in
784 2559 962 2622 Salaminam

147 2661 156 2676 ⁸
210 2640 274 2702 Hoc
296 2643 331 2703 ad
355 2643 541 2722 propositum
563 2642 723 2705 sollicitare
744 2645 850 2706 virum.

167 2724 239 2786 lude
262 2727 366 2806 Pylum
391 2729 486 2789 tendit
506 2746 562 2807 pro
583 2728 718 2800 Nestore,
741 2729 848 2790 Nestor
869 2731 901 2790 in
923 2729 975 2792 illo
1062 2745 1066 2750 ·

208 2809 333 2888 Magnae
357 2812 545 2875 commendat
567 2815 752 2875 strenuitatis
775 2831 859 2892 opus,

166 2893 312 2955 Auxilium
335 2898 408 2958 totis
430 2899 578 2977 promittit
600 2897 729 2969 viribus;
752 2896 802 2959 ille
1098 2908 1131 2959 85

207 2978 250 3040 Ad
274 2998 327 3041 sua
350 2988 427 3042 tecta
448 2982 528 3054 redit
550 2983 796 3063 propositumque
818 2983 935 3062 premit.

162 3061 329 3152 ¹Praeparat
351 3074 440 3145 atque
461 3076 542 3128 rates
563 3074 610 3128 ter
632 3069 747 3146 quinas,
770 3076 928 3148 praeparat
950 3085 1031 3129 arma

165 3197 369 3212 -n—u-

233 3267 343 3322 ott-ot.
362 3265 443 3320 ovid.
461 3268 574 3324 Heroid.
591 3269 639 3328 tv,
657 3271 751 3322 33-6.
819 3270 861 3323 62.
884 3268 965 3323 Ovid.
983 3271 1050 3326 Her.
1068 3270 1130 3337 XII,

166 3331 215 3384 100
242 3333 320 3384 Inter
343 3349 373 3386 se
397 3335 512 3387 strictas
536 3352 699 3388 conseruere
721 3350 825 3390 manus.
895 3339 936 3388 rt.
958 3337 1026 3389 Msc.
1044 3339 1129 3391 horis.

163 3401 208 3459 ta,
234 3401 346 3466 Margo:
378 3402 443 3466 quia
472 3403 580 3469 pacifici
603 3409 739 3456 venerant
765 3411 857 3455 tamon
884 3421 933 3471 pro
960 3406 1034 3471 pello
1056 3406 1132 3458 ituri.

156 3468 207 3524 519.
236 3467 302 3520 Msc.
329 3469 448 3522 Phitics.
473 3472 579 3538 Margo.
601 3479 708 3539 patrem
730 3471 856 3523 Achillis.
925 3474 966 3525 80.
984 3473 1052 3524 Mac.
1071 3473 1131 3524 Oui.

163 3536 210 3600 81.ι
227 3533 336 3604 Margo:
354 3537 403 3590 ubi
419 3540 551 3591 manebat
568 3540 707 3591 Telamon.
