2618 3984
437 162 501 214 Lib'.
520 163 568 215 lv.
604 178 631 216 v.
652 163 794 222 las-13⁷.

184 316 246 378 lam
269 315 404 394 sequitur
427 313 564 376 Paridem
588 313 688 376 mallet
710 314 809 378 obisse
831 315 936 378 virum.
1018 371 1019 379 ,

142 400 200 462 Pro
223 399 276 462 tali
298 408 402 478 stupro
423 399 540 460 sudavit
563 400 687 462 Graecia
709 401 790 460 tota?

184 486 244 546 Pro
266 483 319 546 tali
341 492 444 563 stupro
468 492 590 546 corruet
613 486 711 544 omnis
733 483 842 544 homoi

141 569 186 631 En
207 571 333 631 miseras
354 568 469 649 plebea,
491 577 525 630 ut
547 569 712 630 transiliam
734 568 893 639 trabeatos,

184 653 316 716 succidit
338 653 454 732 gladius
475 660 509 714 ut
531 659 684 715 reseratur
707 652 781 714 olus.

142 739 222 808 Esto,
246 738 324 820 quod
348 747 377 800 et
399 736 496 799 doleat
519 746 548 798 et
569 745 656 817 rapta
677 739 715 798 sit
736 743 765 797 et
788 735 927 799 violatam

185 823 223 884 Se
247 820 382 902 deploret
404 821 502 883 adhue
523 822 699 883 sustinuisse
722 839 828 882 manu:

142 907 263 970 Libram
283 905 389 985 judicii
411 910 545 970 sirecte
568 907 683 984 dirigis,
707 924 819 987 aequus

172 992 324 1070 ·Raptoris
346 991 462 1061 titulus,
486 998 589 1052 noster
610 993 732 1070 iniquus
755 991 822 1052 erit.

120 1079 187 1138 *nn
208 1093 269 1136 non
291 1075 458 1156 Hesyonem
482 1073 570 1155 prius
588 1076 619 1135 in
641 1092 715 1136 nece
737 1077 817 1154 regis
840 1093 943 1136 eorum

184 1159 342 1239 adjunctis
364 1159 468 1238 spoliis
489 1159 708 1222 abstuleramus
731 1161 792 1220 eis?

142 1243 255 1305 Prodiit
277 1262 293 1304 a
316 1245 404 1306 nobis
427 1243 536 1322 injuria
557 1247 663 1324 prima,
687 1250 862 1324 queruntur.

183 1327 273 1390 Iuste.
317 1328 479 1391 Causarum
502 1347 589 1390 eausa
611 1330 712 1407 perire
734 1327 820 1390 solet.
1063 1337 1115 1387 120

142 1413 238 1492 Saepe
259 1415 448 1490 sagittantem
473 1412 577 1474 didicit
597 1413 726 1474 referire
749 1415 865 1491 sagitta,

185 1497 260 1558 Sunt
281 1497 357 1558 haec
379 1515 395 1557 a
418 1496 505 1557 uobis
528 1496 642 1577 spioula
665 1498 754 1558 missa
776 1498 869 1576 priua.

144 1578 326 1643 Leniter'ox
347 1584 466 1652 merito,
491 1581 633 1663 quioquid
656 1584 781 1663 patiare,
803 1581 959 1644 serendum
983 1591 1035 1652 est,

187 1665 268 1736 Quae
291 1668 370 1727 venit
391 1667 542 1729 immerita
563 1683 659 1746 poena
682 1664 810 1728 dolenda
831 1669 922 1728 venit.

144 1750 230 1812 Nunc
253 1768 308 1812 nos
329 1751 488 1812 innumera
510 1750 633 1812 collecta
656 1749 750 1812 alasse
772 1750 898 1812 iurando
1063 1761 1114 1811 125

186 1833 329 1895 Venimus
350 1834 410 1896 huo
433 1844 514 1897 oasta
537 1853 592 1913 pro
615 1833 741 1896 muliere
762 1836 858 1896 morit

135 1917 229 1980 Hanc
250 1919 335 1980 reddi
358 1920 495 1998 petimus,
519 1929 550 1980 et
572 1919 689 1998 quando
711 1919 883 1980 reduximus
904 1918 994 1990 illam,

187 2001 268 2072 Quae
289 2002 382 2064 subiit
403 2004 548 2066 Graecum
573 2021 634 2064 uon
656 2003 732 2064 bene
755 2011 841 2083 oapta
863 2004 978 2065 solum?

146 2085 269 2157 Quando
292 2087 425 2150 redemta
448 2090 505 2152 luit
526 2106 613 2160 mors?
628 2087 855 2150 Laomedontis?
877 2088 965 2150 ubive

108 2176 117 2188 ’
186 2171 382 2234 Reddidimus
404 2172 513 2255 Trojae
536 2174 641 2234 damna
665 2180 780 2252 patrata
803 2171 898 2234 malet
1061 2184 1113 2232 130

142 2254 223 2316 Proh
245 2256 351 2335 pudor,
374 2255 424 2318 hio
446 2260 513 2320 Asia
536 2260 655 2319 fervens
676 2259 856 2337 Europaque
877 2265 973 2319 totum

186 2339 247 2401 Sub
269 2339 339 2401 belli
361 2341 474 2404 librant
494 2343 629 2423 pondere
651 2360 740 2420 posse
762 2360 858 2404 suum.
915 2358 919 2373 ⁴
1025 2365 1029 2373 ·

142 2423 187 2484 Ad
209 2441 354 2502 generum
377 2427 496 2489 Cereris
519 2445 586 2488 oum
609 2425 702 2488 multo
724 2428 868 2504 sanguine
891 2424 983 2487 multa

185 2508 330 2571 Miserunt
352 2511 505 2573 hominurn
527 2511 620 2574 millia
643 2519 739 2572 morte
761 2511 846 2571 mala.

140 2592 224 2655 Haeo
246 2596 334 2656 Asiae
356 2613 441 2658 mens
464 2606 517 2666 est,
542 2605 575 2658 ut
596 2595 729 2658 adultera
752 2598 812 2656 sint
835 2602 865 2656 et
887 2594 1004 2658 adulter
1063 2604 1112 2654 1³5

185 2678 318 2740 Foedere
340 2698 448 2742 securo
471 2683 549 2742 sieut
572 2699 672 2742 amore
696 2699 759 2742 suo.

140 2761 297 2840 Pugnandi
319 2781 414 2842 genus
436 2767 601 2843 egregium,
624 2783 730 2845 parare
753 2762 882 2825 scienter

139 2922 344 2935 *uu——

212 3017 268 3066 123.
288 3016 340 3070 Or.
358 3017 416 3072 Am.
434 3017 472 3081 Il,
491 3020 514 3082 l,
535 3020 567 3068 12
620 3026 626 3036 ⁴

278 3083 375 3149 Aequo
396 3085 487 3136 animo
505 3101 630 3152 poenam,
650 3085 697 3150 qui
713 3097 845 3147 meruere,
864 3083 966 3134 lerant.

139 3167 199 3222 124.
218 3167 270 3221 Ov.
287 3169 366 3220 Pont.
384 3169 407 3233 1,
428 3172 451 3233 1,
469 3172 512 3223 62.

277 3235 383 3302 Estque
400 3239 461 3303 pati
478 3252 593 3302 poenas,
613 3253 695 3303 quam
712 3236 855 3297 meruisset
873 3235 971 3286 minus.

140 3319 200 3370 126.
218 3319 248 3370 in
271 3320 410 3386 margins:
434 3322 534 3374 ironia.
638 3324 697 3372 127.
716 3317 803 3370 illam.
821 3333 923 3384 margo.
941 3318 1110 3384 Heayonem.

137 3386 294 3520 ὲῗῗηεᾶεεε
314 3403 328 3440 e
346 3388 471 3454 margine
490 3403 539 3454 pro
559 3389 643 3440 codic.
663 3389 703 3440 sio
716 3390 753 3439 in.
807 3389 865 3442 137.
876 3385 976 3439 melius
989 3387 1110 3439 fortasse
