2616 4000
225 257 285 321 196
532 261 593 310 aas.
614 261 659 310 vr.
695 275 720 314 v.
739 261 881 311 cra-roo.

222 411 336 472 Prodiit
357 412 387 470 in
411 411 517 480 lucent,
542 419 611 472 tunc
635 410 741 480 editus,
764 413 819 471 istc
841 409 968 480 libellus

87 502 92 510 '
163 493 165 499 ⁴
264 494 358 565 Quam
381 496 472 556 miser
495 503 540 556 est
563 495 689 556 mundus
712 495 866 556 insinuare
889 495 999 556 volens.

222 581 338 640 Forsan
360 580 444 640 adest
466 578 574 657 aliquis
597 579 749 658 dicetque;
773 580 839 658 quis
861 579 954 640 edidit
976 578 1080 639 illurn?
1138 589 1190 637 675

264 663 323 723 lsta
344 665 511 743 requirenti
533 662 660 723 reddere
684 663 771 722 uerba
794 673 887 742 potes.

223 748 384 808 Ecclesiam
408 749 466 808 scis
489 750 520 807 in
543 742 655 814 Stadia,
680 763 768 824 quarn
791 750 921 827 protegit
943 745 1006 816 alis,

263 831 337 891 Nam
360 840 448 911 caput
470 839 515 891 cst
537 829 611 908 ejus,
635 833 716 907 virgo
740 828 825 890 beata
847 835 919 892 suis.
1103 891 1106 896 .

222 914 277 984 Qui
299 915 447 976 scribens:
471 916 522 984 „iu
545 916 693 993 principio
717 913 840 975 verbum
864 933 934 975 caro
956 917 1112 976 lactum:“

264 999 392 1072 Intonat,
414 1000 493 1060 illius
516 999 552 1058 ad
576 998 651 1058 latus
673 996 723 1058 ille
747 999 833 1059 volat.
1136 1007 1189 1058 680

221 1083 334 1143 Prodiit
356 1101 391 1143 ex
414 1081 502 1144 rutilo
525 1099 629 1142 roseus
651 1079 734 1143 locus
756 1079 812 1142 istc
835 1090 943 1152 roseto,
1198 1075 1211 1090 '

265 1167 396 1243 Ingenua
420 1174 550 1230 matrem,
567 1165 719 1227 nobilitate
741 1183 879 1244 sequens.

138 1289 140 1296 a
214 1250 271 1309 'Sic'
293 1249 426 1310 florendo
450 1251 558 1326 vigent,
582 1258 615 1311 ut
637 1249 738 1319 odore,
763 1249 875 1326 colore,
899 1268 1005 1329 sapore

264 1333 420 1413 Nunquam
445 1333 643 1412 degenerent;
666 1334 713 1393 his
736 1333 832 1394 tribus
854 1332 942 1394 ambo
965 1333 1093 1412 placent.

221 1417 406 1496 splendescit
428 1418 533 1478 virtute
557 1417 648 1483 color.
672 1417 866 1496 doctrinaque
889 1424 1013 1495 pascens
1135 1428 1186 1477 686

261 1501 315 1562 Est
336 1519 425 1580 sapor
447 1508 477 1561 et
499 1503 596 1562 lamae
615 1499 747 1567 balsama
771 1504 884 1580 spargit
906 1501 988 1562 odor.

221 1583 363 1644 Abhatem
386 1588 465 1646 itosti
488 1584 647 1654 Tirricum,
671 1588 721 1646 cui
745 1584 825 1644 dedit
848 1584 918 1646 olim

261 1667 412 1729 Ecclesiae
434 1669 532 1730 dictae
557 1671 638 1746 virgo
659 1669 867 1747 patrocinium.

220 1753 274 1814 Cui
297 1756 391 1814 virtus
413 1755 541 1814 animam
565 1753 696 1822 decorat,
719 1753 856 1814 facundia
879 1753 1010 1830 linguam

262 1836 431 1913 dapsilitate
454 1839 540 1906 nitet,
565 1836 689 1898 utilitate
711 1837 795 1897 viret.
1135 1848 1187 1897 696

220 1919 281 1989 llle,
305 1938 375 1981 suos
397 1920 544 1999 quondam
567 1939 628 1982 non
651 1920 772 1981 ultimus
794 1922 875 1982 inter
895 1922 1015 1990 amicos,

260 2006 334 2064 Ante
355 2006 452 2065 virum
476 2004 564 2065 talem
587 2009 639 2084 qui
662 2003 728 2066 tulit
751 2002 815 2082 ojus
837 2022 928 2075 onus;

219 2087 317 2148 Edidit
338 2087 418 2149 hunc
441 2097 524 2150 sexto
546 2089 661 2149 linitum
684 2106 787 2149 mense
811 2086 952 2158 libellum,

260 2171 310 2230 Cui
333 2179 432 2232 tamen
455 2173 511 2233 hoc
533 2182 650 2252 ternpus
672 2189 801 2252 syncopa
825 2171 915 2232 nrulta
937 2171 1032 2232 scidit.

219 2255 354 2316 Correxit
370 2257 523 2334 pigritans.
547 2255 645 2316 Labor
660 2256 717 2327 hic,
734 2274 822 2334 quarn
839 2253 981 2323 scribere,
999 2255 1108 2335 maj0r;
1134 2266 1184 2315 695

260 2342 296 2400 At
319 2348 469 2401 corrector
492 2341 547 2400 ait:
571 2341 630 2400 sint
651 2350 701 2400 tua
724 2341 827 2416 siqua
851 2338 956 2401 valent.

217 2421 302 2482 Nulla
324 2430 479 2502 poetarum
504 2424 603 2500 posuit
624 2425 772 2501 figmenta,
797 2424 911 2485 Daretis

259 2507 420 2574 Historiam,
440 2506 521 2567 soliti
542 2507 684 2576 scrihere,
709 2524 776 2567 vera
800 2515 913 2570 teneus.

217 2590 253 2648 Et
276 2590 421 2670 Phrygius
445 2593 498 2651 t'uit
520 2592 575 2652 iste
599 2592 699 2660 Dares,
724 2599 753 2652 et
775 2599 908 2670 tempore
932 2589 1002 2652 belli

258 2674 324 2752 lpsa
347 2675 467 2754 quidem
490 2673 576 2736 miles
598 2674 711 2754 proelia
733 2677 793 2735 visa
817 2673 919 2736 refert.
1131 2685 1184 2735 700

213 2954 216 2959 f
283 2908 340 2958 ets.
353 2905 459 2974 Margo.
472 2908 620 2962 Iohannes.
672 2909 729 2958 681.
743 2909 849 2974 Margo.
864 2907 963 2962 Stadia.
1004 2910 1062 2960 682.
1073 2909 1184 2974 Margo.

218 2975 401 3026 Harsevelda.
422 2976 497 3041 prius
515 2974 680 3028 Rossnveld.
732 2976 790 3028 687.
809 2976 904 3026 Abbas
915 2975 1101 3027 Theudoricus
1121 2992 1184 3028 suc·

217 3042 302 3092 cessit
315 3043 379 3092 1242
398 3041 519 3094 Alberto.
582 3045 640 3095 691.
659 3045 764 3107 Margo.
782 3042 914 3094 Albertus
927 3043 1014 3094 abbas
1027 3041 1183 3094 stadensis.

216 3111 276 3160 696.
294 3109 335 3158 96.
354 3110 406 3159 cfr.
425 3107 505 3160 ovid.
522 3111 602 3160 Pont.
620 3110 671 3172 111,
689 3113 714 3161 9.
733 3111 773 3164 19.
792 3112 833 3161 20.
852 3111 894 3162 23.
913 3111 946 3160 24

184 3199 186 3201 ·
283 3173 372 3240 Saepe
390 3177 468 3241 piget
486 3177 564 3240 (quid
583 3178 655 3227 enim
674 3176 796 3228 dubitem
814 3177 867 3226 tibi
885 3191 952 3228 rara
970 3175 1082 3240 fateri?)

317 3243 466 3308 corrigere,
486 3250 514 3295 st
531 3245 608 3310 longi
625 3245 696 3293 ferre
715 3243 815 3296 laboris
832 3258 909 3295 onus.

283 3309 428 3375 Corrigere
446 3317 476 3361 at
493 3326 537 3362 rea
556 3316 599 3362 ast
615 3315 693 3362 tanto
712 3312 799 3378 magis
818 3311 913 3376 ardua,
931 3315 1036 3376 quanto
1069 3319 1075 3332 ¹

316 3377 434 3441 Magnus
451 3377 612 3429 Aristarcho
629 3377 716 3444 major
733 3379 868 3430 Homerus
882 3385 958 3430 erat.

214 3445 272 3494 696.
292 3459 341 3498 sua
359 3459 397 3495 sc.
419 3449 550 3496 correcta.
