2618 3984
122 193 130 209 '
209 199 251 264 74
508 202 571 252 nau.
589 202 640 256 111.
676 217 703 254 v.
722 203 866 258 roa-tar.

252 351 341 415 Multa
363 353 456 415 levata
480 353 533 415 diu
555 371 645 414 cerno
667 355 765 415 ruisse
787 357 857 415 cito.

99 515 102 524 Ι
209 438 265 507 Tu,
290 457 408 518 quoque
429 439 475 498 lac
497 438 615 515 timeas3
640 445 669 498 et
690 456 766 518 quae
789 439 876 499 modo
900 448 962 502 tuta
986 440 1133 511 ¹videntur,

252 523 327 583 Dum
350 521 493 604 loqueris,
516 524 582 583 lieri
604 523 700 583 tristia
723 540 810 602 posse
833 533 914 603 puta.
1128 534 1180 584 110

210 607 360 668 Victorem
382 608 459 668 vieto
482 606 677 668 succumbere
700 625 791 687 saepe
813 608 956 678 ridemus,

252 695 348 770 Saepe
369 700 451 752 creat
472 690 578 752 molles
600 709 705 772 aspera
729 693 814 771 spina
836 709 927 753 rosas.

210 779 289 856 Ergo
311 777 368 837 uiri
389 776 482 838 lortes
504 778 635 836 animum
658 779 810 846 resumite,
834 778 958 854 pulchro

201 923 203 927 ,
252 861 404 924 Posslmus
425 862 541 922 initium
563 862 681 921 vincere
704 861 762 921 tine
785 860 906 922 malum.

209 947 378 1010 Strenuitas
400 945 493 1006 hostis
515 944 589 1006 haec
610 943 717 1022 gaudia
740 944 866 1005 contulit
887 946 973 1017 hosti,
1127 957 1178 1006 115

251 1030 303 1093 lllc
326 1030 453 1092 furendo
476 1031 546 1090 ierit
567 1037 597 1090 et
618 1029 753 1090 feriendo
776 1031 857 1090 lurit.

209 1116 348 1180 Cernitur
370 1116 401 1174 in
421 1113 557 1175 manibus
578 1112 729 1174 imanibus
751 1132 833 1176 arma
855 1121 958 1176 tenere

252 1201 289 1262 Et
310 1197 397 1259 uobis
419 1200 513 1259 instat
533 1196 590 1258 hac
611 1199 726 1259 ratione
749 1198 831 1259 dare.

210 1285 329 1346 Laetius
351 1290 405 1351 est,
430 1300 537 1360 magno
559 1284 698 1360 quotiens
719 1282 776 1344 sihi
799 1290 922 1354 constat,
946 1282 1121 1354 honestum;

252 1370 352 1428 Virtus
374 1369 400 1427 si
423 1384 482 1426 non
506 1375 550 1428 est
572 1368 674 1436 ardna,
697 1365 785 1428 laude
807 1377 889 1429 earet
1126 1379 1177 1429 120

209 1455 267 1514 Par
290 1449 374 1514 labor
397 1459 486 1530 atque
509 1459 603 1512 metus
625 1453 722 1528 pretio
745 1451 859 1531 majore
881 1460 1032 1532 petuntur,

251 1537 349 1598 Ardua
371 1553 425 1614 per
447 1552 591 1616 praeceps
612 1533 707 1613 gloria
730 1534 816 1596 vadit.
831 1538 898 1601 iter.

210 1621 369 1684 Blanditiis
391 1619 529 1698 indignus
552 1622 610 1681 erit
632 1620 773 1698 mollique
796 1621 887 1698 potiri

252 1707 395 1773 Fortuna,
418 1706 444 1766 si
466 1706 531 1784 quis
552 1705 649 1766 nescit
670 1722 771 1766 amara
793 1706 864 1784 pati.

210 1790 306 1854 Corde
329 1789 447 1850 leonino
470 1790 576 1850 sortem
599 1806 755 1849 curramus
776 1791 807 1850 iu
831 1788 960 1859 hostem;
1127 1801 1177 1847 125

252 1876 283 1936 Si
305 1875 352 1934 leo
375 1883 406 1936 tu
428 1874 532 1944 fueris,
556 1892 624 1934 mox
646 1875 703 1934 erit
725 1872 774 1933 ille
796 1872 890 1952 lepus.

209 1960 271 2022 Nec
293 1961 378 2038 prius
400 1967 518 2020 extenta
541 1957 729 2019 retrahamus
753 1957 882 2030 brachia,
905 1957 1000 2020 dorice

255 2045 369 2106 Sentiat
390 2051 522 2122 optatum
546 2049 646 2103 nostra
668 2042 789 2121 querela
813 2043 902 2104 diem.

212 2130 388 2190 Constantes
409 2129 501 2188 animi
523 2134 666 2204 superant
687 2127 877 2188 incommoda
899 2127 979 2198 belli,

252 2211 395 2272 Eventum
418 2210 512 2280 validi,
538 2229 598 2271 non
620 2210 715 2288 proba
738 2211 814 2272 lacta
837 2212 934 2288 probi.
1127 2220 1177 2271 130

210 2296 263 2358 Est
284 2304 394 2365 tamen,
417 2307 451 2356 ut
471 2297 606 2364 recitem,
630 2295 779 2356 exereitus
801 2305 831 2356 et
852 2313 1037 2365 numerosus,

253 2381 347 2452 Quem
371 2380 470 2440 mittet
490 2377 640 2458 Telephus
661 2379 842 2442 inveniendo
865 2399 967 2442 novus.

281 2550 338 2602 108.
348 2549 459 2612 Margo:
472 2547 533 2597 ideo
546 2562 689 2612 speramus
702 2547 768 2598 deos
779 2549 859 2600 nobis
870 2549 1003 2614 propitios
1013 2548 1080 2665 puis
1089 2563 1177 2599 eausa

212 2621 308 2667 nostra
326 2615 433 2680 iustior,
453 2615 517 2680 quia
535 2630 589 2666 non
604 2614 681 2680 juste
699 2615 859 2680 deportavit
877 2616 958 2667 Paris
980 2617 1023 2666 He
1037 2631 1127 2679 enam,
1148 2621 1177 2666 et

211 2683 365 2803 lssi⁰0qu⁰1l
386 2681 499 2801 serdliga
509 2682 695 2802 gorgssdawnon
712 2683 798 2735 habat
815 2684 902 2735 bonos
921 2688 1043 2738 eventus.
1115 2685 1175 2740 109.

248 2791 253 2800 .
298 2767 322 2802 v.
366 2766 422 2801 on.
481 2789 488 2812 ,
589 2787 594 2800 .
648 2788 654 2800 .

278 2819 320 2869 Tu
339 2833 446 2884 quoquo
464 2819 511 2868 sae
527 2787 639 2880 limosam
658 2823 696 2880 ot,
715 2833 787 2884 quae
805 2819 858 2869 tibi
875 2817 953 2869 lacta
970 2818 1106 2882 videntur,
1177 2813 1181 2819 “

310 2887 383 2936 Dum
400 2885 532 2951 loqueris,
550 2885 611 2936 fieri
629 2886 719 2936 tristia
736 2900 818 2952 possa
836 2891 912 2954 puta.

211 2956 269 3006 109.
287 2954 340 3007 Tu.
356 2954 573 3018 superscriptum
586 2950 718 3017 „Troja“.
772 2955 829 3004 112.
848 2954 899 3006 Or.
913 2969 937 3004 e.
950 2955 1031 3004 Pont.
1044 2953 1081 3013 11,
1094 2955 1119 3016 2,
1134 2955 1177 3006 at.

210 3024 269 3072 114.
288 3037 303 3072 a
327 3021 451 3086 margine
473 3035 536 3086 pro:
563 3020 645 3072 malo.
663 3047 696 3057 -
714 3020 813 3086 Margo
835 3035 884 3088 pro
903 3023 1046 3072 interitum
1064 3021 1178 3086 pra'ebet

208 3089 317 3140 initium
333 3087 406 3154 quod
425 3101 578 3154 quanquam
590 3091 678 3140 metro
690 3103 745 3139 non
757 3092 824 3154 apto
835 3089 985 3142 conveniat
995 3093 1089 3139 tamen
1101 3103 1177 3140 rece·

210 3157 298 3222 pimus
318 3158 382 3222 quia
398 3159 499 3221 poetae
517 3155 625 3207 medias
642 3155 796 3207 latinitatis
807 3157 922 3222 primam
932 3154 1017 3220 hujus
1028 3155 1108 3208 verbi
1120 3155 1178 3220 syl-

208 3225 303 3276 labam
320 3221 454 3289 imprimis
471 3224 501 3272 in
519 3224 576 3274 arsi
593 3222 792 3288 producebant.
847 3227 903 3278 tte.
922 3226 992 3275 Luc.
1010 3223 1109 3277 Phara.
1126 3224 1177 3288 IX,

207 3293 268 3344 404.
282 3293 339 3342 120.
368 3292 474 3343 Lucan.
491 3290 650 3354 Phars.1V,
664 3292 727 3341 576:
746 3307 829 3357 qnam
847 3292 884 3343 sit
901 3307 956 3342 non
975 3292 1061 3342 ardua
1078 3292 1177 3343 virtus.

210 3361 267 3410 121.
285 3359 390 3409 Lucan.
413 3358 511 3408 Phara.
534 3358 561 3421 1,
584 3359 643 3409 282.
731 3361 789 3413 122.
808 3359 889 3411 ovid.
913 3360 998 3412 Trist.
1016 3359 1065 3422 1v‚
1083 3361 1113 3423 3,
1133 3361 1176 3409 74.

210 3429 267 3478 123.
287 3424 380 3478 (duait.
398 3424 477 3476 Alex.
494 3426 517 3486 I,
534 3425 593 3475 495.
611 3425 654 3476 96.
673 3425 849 3478 Blanditiis.
868 3463 874 3476 .
893 3463 899 3476 .
920 3465 927 3479 .
946 3427 1032 3493 potiri

346 3493 479 3554 Fortuna,
498 3492 544 3556 qui
562 3492 631 3542 dura
648 3494 709 3558 pati
726 3494 772 3546 rel
791 3510 886 3546 amara
904 3501 1023 3546 recusat.
