2616 3980
540 215 602 266 Lib.
621 215 644 266 Ι.
680 231 706 268 v.
726 218 870 274 ele-eto.

276 461 279 466 ι
344 431 451 486 PARIS
469 430 566 486 DlOl'I'
585 430 627 486 SE
645 429 788 486 multum
805 432 846 487 IN
864 431 1063 489 Genucium.
1099 505 1102 510 Α

225 555 329 633 Surgit
349 553 533 628 Alexander;
557 572 631 633 opus
653 553 710 614 boc
732 553 879 616 laetanter
901 555 984 616 adire

266 638 325 699 Pro
346 639 441 719 patris
463 647 492 699 et
512 641 639 719 patriae,
663 638 754 709 diicit,
779 657 881 701 amore
903 640 979 702 volo.
1091 695 1094 700 .
1143 653 1197 702 666

224 723 329 786 idaeos
351 723 470 803 lepores
492 723 641 801 quondam
665 724 795 785 venabar
817 726 848 785 io
870 724 929 794 lda,

266 809 396 887 Deposui
418 827 524 869 somno
547 807 682 869 membra
706 808 822 870 volente
844 810 941 870 thoro.

224 893 345 955 Somnio
368 893 526 954 mirificum
550 893 632 961 dare,
656 911 732 972 quae
755 895 918 973 speciosior
941 906 1027 966 esset,

269 978 424 1054 Iudicium,
448 978 522 1040 mibi
546 985 608 1038 tres
631 977 802 1039 exhibuisse
825 977 911 1046 deas:

224 1063 289 1125 Uua
312 1063 367 1124 luit
389 1061 493 1133 Pallas,
517 1061 617 1123 Venus
639 1060 742 1132 altera,
765 1065 852 1124 tertia
874 1061 966 1134 luuo;
1143 1073 1195 1124 366

265 1147 441 1225 Ambiguus,
466 1147 514 1208 cui
536 1145 601 1207 laus
622 1147 677 1206 ista
700 1145 831 1219 daretur,
856 1165 947 1208 oram.

223 1231 258 1293 ln
280 1234 380 1310 specie
403 1231 512 1293 mulier
533 1231 600 1311 plus
622 1229 731 1309 gaudet
753 1249 842 1310 quam
864 1231 1024 1311 probitate,

152 1329 154 1332 ·
268 1317 400 1378 Meritum
423 1334 484 1377 nou
506 1322 637 1376 mentem
660 1317 770 1376 lomina
792 1315 918 1396 pulcbra
941 1313 1022 1378 colit.

131 1421 133 1428 ·
224 1399 379 1463 Delectant
401 1402 487 1462 etiam
511 1406 608 1462 castas
630 1401 788 1479 praeconia
811 1401 934 1472 lormae,

163 1513 165 1516 ·
266 1486 400 1547 Pessima
423 1486 469 1555 sit,
493 1483 567 1546 nulli
589 1503 649 1545 non
672 1502 725 1544 sua
748 1483 844 1546 lorma
867 1483 974 1565 placet.
1143 1495 1196 1546 666

224 1569 300 1630 Hinc
323 1569 424 1630 Venus
446 1569 521 1630 haec
543 1569 579 1630 ad
601 1587 665 1630 me:
689 1587 765 1648 quae
789 1571 843 1630 sim
867 1571 1031 1649 speciosior
1053 1570 1119 1648 ede,

266 1655 459 1733 Efficiamque
482 1654 536 1715 tibi
559 1654 654 1715 dulcia
678 1653 754 1715 dona
778 1653 850 1715 dari.

225 1739 350 1802 Graecia
373 1737 513 1800 formosis
536 1745 582 1798 est
604 1738 744 1799 deliciosa
768 1736 887 1818 puellis;

265 1822 357 1902 Elige,
382 1823 430 1883 cui
452 1822 542 1894 dicas,
566 1832 598 1884 tu
621 1823 693 1882 mibi
715 1822 777 1884 sola
801 1823 908 1902 places.

222 1907 284 1969 Hac
307 1925 362 1986 ego
384 1916 414 1969 te
436 1907 551 1977 laciam,
574 1908 668 1985 Paris,
692 1907 728 1966 ad
751 1915 801 1968 tua
825 1914 890 1968 vota
912 1909 1013 1987 potiri,
1144 1918 1195 1968 366

266 1992 299 2054 Si
321 1993 409 2053 detur
431 1992 551 2073 species
568 1991 637 2072 plus
660 1993 796 2071 speciosa
819 1991 903 2054 mihi.

224 2076 296 2148 Quis
317 2084 418 2138 tautae
440 2079 586 2155 promissa
609 2075 682 2137 deae
705 2082 898 2138 contemnere
921 2077 1040 2156 posset?

267 2163 365 2223 Prona
389 2162 469 2222 venit
491 2160 608 2260 cupidis
629 2161 660 2220 in
683 2178 734 2222 sua
759 2169 825 2221 vota
848 2161 931 2222 tides.

224 2246 279 2307 Est
300 2245 397 2322 Pallas
419 2247 563 2324 speciosa,
588 2243 707 2324 loquor,
730 2246 923 2323 speciosaque
945 2245 1019 2307 luno

267 2329 338 2392 Plus
361 2337 461 2390 tamen
484 2327 627 2391 ambabus
650 2339 694 2390 est
716 2331 852 2407 speciosa
875 2329 982 2393 Venus.
1145 2339 1196 2390 3⁷0

224 2415 318 2476 Hoc·
309 2403 500 2512 impromisso
524 2413 651 2475 conlisus
673 2412 812 2475 alacriter
833 2412 884 2475 ibo

266 2499 356 2560 Forte
379 2500 436 2558 mei
459 2501 520 2560 voti
542 2506 608 2576 post
631 2499 719 2558 modo
742 2516 862 2578 compos
885 2517 947 2559 ero

224 2584 313 2646 Grata
336 2584 527 2663 superveniet
548 2601 624 2663 quae
648 2599 707 2643 nou
731 2582 900 2661 sperabitur
923 2583 1013 2652 bora;

267 2668 334 2740 ‘Quo
357 2669 512 2729 minimum
536 2667 634 2728 credis
657 2668 782 2744 gurgite,
805 2668 895 2745 piscis
919 2668 985 2728 erit.

225 2753 360 2814 Dedecus
383 2751 473 2813 ultori
495 2751 617 2813 dabitur
640 2750 712 2811 mibi
735 2751 812 2812 torte
835 2751 1014 2831 triumphus,
1145 2761 1196 2810 3⁷5

266 2837 394 2899 Tantum
417 2845 547 2898 maturet
569 2835 676 2897 bellica
699 2835 801 2897 classis
824 2853 907 2916 opus.
1157 2831 1161 2842 ’

291 3074 350 3128 358
370 3073 534 3139 emargine
546 3087 595 3138 pro
613 3075 722 3127 metum
792 3073 850 3127 359.
870 3071 964 3124 Ovidii
983 3071 1089 3124 estArs
1104 3071 1197 3122 Amet.

224 3143 246 3205 Ι,
264 3143 323 3193 623.
388 3140 444 3192 360.
464 3143 631 3204 margine,
648 3155 722 3206 pro,
725 3137 816 3201 ,“.nee
872 3141 932 3191 368
953 3138 1032 3192 ovid.
1059 3139 1111 3191 Ars
1135 3140 1195 3190 Am.

225 3178 278 3271 Ili,
296 3209 354 3262 674.
425 3210 482 3260 373.
501 3213 542 3260 est
559 3208 671 3259 Horatii
688 3207 771 3274 Epid
789 3207 812 3272 1,
832 3208 859 3272 4,
879 3209 918 3258 14
988 3207 1046 3260 374.
1066 3205 1197 3258 666061-

224 3277 264 3326 dii
281 3278 333 3329 Ars
351 3275 439 3326 Amet.
458 3277 515 3338 111,
537 3277 603 3337 426,
628 3275 676 3340 qui
694 3281 812 3335 temon,
815 3275 945 3339 ,minime‘
949 3273 1053 3342 ‘legit
1135 3275 1196 3326 375.

226 3345 343 3396 Sensus.
363 3343 483 3395 dedecus
502 3342 574 3408 quod
590 3343 681 3394 infero
699 3340 825 3406 Graecis,
844 3342 911 3393 mihi
929 3341 1014 3394 ultori
1026 3346 1125 3408 raptae
1138 3341 1198 3393 He·

226 3427 327 3478 syenae
347 3415 479 3477 tunquam
496 3410 649 3476 triumphus
668 3411 729 3464 erit.
