2616 4000
212 164 274 256 182
522 194 581 243 nn.
602 195 646 246 m.
682 210 706 248 v.
725 193 869 246 too-too.

254 345 386 406 Sustinet
409 345 576 406 occubitum
601 345 791 407 dinumerare
815 345 943 406 ducum.r

212 426 289 500 Quid
313 429 449 500 recitem,
473 431 602 489 reticere
621 427 719 507 juvat;
740 429 922 508 justissimus
946 447 1024 490 uuus
1117 459 1120 464 ·

255 513 311 582 Qui
334 514 390 575 luit
412 514 440 574 in
464 514 598 581 Tutioris,
622 513 701 593 qood
725 515 801 592 perit
818 513 973 592 Eripheus.
1124 509 1188 574 '440

131 671 135 678 1
212 597 274 657 ltur
297 600 329 657 in
353 613 441 658 omne
465 598 561 666 nelos:
587 607 688 676 postes
711 616 725 658 a
749 597 872 659 cardine
894 597 1014 667 vellunt,

253 681 381 762 lpsaque
404 689 574 760 magnatum
597 682 712 742 domata
737 690 825 744 strata
850 691 948 753 ruunt,

212 764 290 826 Altos
313 764 457 842 dejiciunt
482 786 497 826 a
521 784 637 826 summo
659 767 781 827 cardine
805 775 911 840 turrea,

255 850 316 910 lam
339 851 414 912 liunt
434 868 538 910 omnes
560 860 641 922 terra
665 851 829 930 domusque
851 869 948 930 pares.

213 933 364 995 Sternitur
388 940 546 1000 extractus,
569 937 595 994 si
620 937 684 1014 quis
706 933 870 996 latitaverat
891 936 985 1001 intus;
1132 945 1189 994 445

256 1016 347 1079 Multo
370 1018 555 1079 Teucrorum
579 1020 722 1094 sanguine
745 1018 837 1078 fumat
858 1020 974 1080 liumus.

211 1101 291 1162 Gens
313 1104 419 1162 victrix
446 1103 562 1164 tandem
587 1103 717 1164 Vulcano
740 1102 878 1164 fulminat
899 1103 1014 1172 urbem,

255 1187 349 1246 Nemo
372 1196 434 1247 tum
458 1186 546 1247 latum
571 1187 643 1248 vidit
665 1189 694 1246 iu
718 1186 792 1247 orbe
811 1189 921 1250 locum.

209 1269 344 1330 Flamma
369 1289 456 1331 vorax
482 1272 516 1332 ad
541 1272 618 1332 celsa
641 1269 743 1332 volans
764 1270 918 1332 obnubilat
940 1279 1018 1332 astra

254 1354 355 1432 Longe
379 1358 507 1434 seposita
531 1355 725 1434 percutiendo
747 1356 822 1416 loca.
1027 1354 1031 1362 '
1130 1367 1190 1416 450

210 1438 289 1500 Tros
310 1440 411 1506 miser,
435 1458 516 1502 arma
540 1441 656 1510 limene,
680 1440 808 1502 exermis
831 1441 925 1501 currit
946 1442 976 1500 in
1000 1444 1094 1524 ignes,

254 1523 335 1600 ignis
356 1531 390 1583 ut
412 1521 481 1584 lrino
504 1526 573 1592 urit,
598 1543 702 1586 rursus
725 1525 761 1585 ad
784 1542 865 1587 arma
889 1525 957 1598 ruit.

210 1605 266 1667 llic
290 1607 396 1667 ardent
418 1607 516 1683 aedes,
541 1608 589 1669 hic
613 1609 769 1670 detruncat
790 1609 948 1670 Diomedes
990 1639 991 1642 ¹

252 1691 309 1752 Per
335 1693 430 1753 varias
452 1693 558 1753 caedes
580 1692 711 1762 brachia,
736 1711 833 1762 crura,
856 1693 959 1772 pedes.
1033 1720 1036 1722 ·

208 1773 260 1834 Vix
284 1778 324 1836 sit
348 1775 482 1838 habenda
506 1777 579 1838 sides
601 1785 673 1858 quot
695 1777 786 1837 millia
809 1779 913 1839 stravit
935 1777 1068 1845 atridem
1130 1789 1190 1838 455

251 1859 345 1920 Omne
369 1860 489 1938 quidem
514 1863 614 1924 vivens
635 1880 730 1940 paene
753 1862 852 1940 perire
875 1861 967 1921 vides.

208 1943 354 2004 llensatur
376 1943 509 2023 plangor,
537 1947 608 2006 ierit
630 1964 720 2006 aurea
743 1944 840 2007 sidera
865 1946 984 2014 clamor,

250 2028 303 2088 Est
325 2032 404 2090 omui
429 2029 525 2108 major
548 2033 605 2092 iste
627 2029 728 2090 dolore
751 2029 844 2090 dolor.

554 2243 660 2314 [rrum
678 2243 829 2314 euroni]

208 2381 344 2440 Forsitan
367 2388 398 2441 et
419 2368 536 2442 Priami
555 2383 666 2442 luerint
688 2400 764 2462 quae
787 2382 854 2452 lata,
877 2383 1028 2463 requiram

250 2463 316 2542 lpse
339 2466 403 2525 lere
426 2468 542 2544 primus
564 2466 620 2526 sub
642 2469 726 2528 necis
748 2468 802 2529 ivit
823 2484 907 2528 onus.
994 2514 1005 2524 .
1130 2478 1191 2528 460

227 2617 233 2621 ,
241 2617 413 2624 .———-—--..

277 2700 335 2749 441.
354 2700 464 2765 Virgilii
482 2699 550 2750 Aen.
570 2701 606 2762 ΙΙ,
624 2701 674 2750 480
709 2732 742 2740 -
760 2727 792 2738 -
812 2706 905 2765 postea
925 2717 942 2750 a
961 2699 1072 2751 cardine
1089 2701 1189 2755 vellit.

204 2765 265 2814 443.
283 2767 360 2832 Virg.
379 2767 446 2818 Aen.
466 2767 503 2831 ΙΙ,
522 2770 580 2819 445.
598 2769 631 2817 46

325 2851 508 2902 Dardanidae
528 2855 623 2902 contra
642 2856 731 2900 turres
750 2866 784 2901 ao
802 2854 879 2901 tectu
897 2851 1035 2902 domorum

328 2917 455 2968 Culminu
473 2918 640 2969 convellunt.

207 3005 266 3054 447.
287 2999 399 3052 Gualth.
417 3001 497 3052 Alex.
515 3001 538 3061 1,
556 3003 606 3052 348

321 3087 444 3150 Imperat
460 3089 487 3136 et
504 3085 640 3148 reliquam
659 3085 784 3135 Vulcano
803 3085 933 3136 fulminat
950 3085 1055 3135 urbem.

207 3171 267 3220 451.
286 3172 327 3220 52.
348 3169 460 3220 Guolth.
478 3168 555 3220 Alex.
574 3169 626 3231 111,
645 3169 763 3220 312--13

310 3254 368 3304 Iste
386 3269 482 3319 pyram
500 3268 626 3304 reverens
645 3253 752 3318 gladios
770 3253 903 3302 incurrit:
923 3257 952 3302 ut
970 3252 1017 3302 illc

309 3321 348 3372 Ut
366 3321 473 3386 gladios
494 3322 585 3386 fugiat
603 3321 708 3371 medios
727 3335 756 3370 se
775 3321 861 3370 mittit
878 3320 907 3370 in
924 3320 1012 3384 ignes.

206 3406 265 3458 457.
286 3405 726 3470 virg.Aen.11.488.fer.uur.
746 3403 796 3459 aid.
816 3404 894 3456 clam.
964 3405 1023 3455 459.
1044 3403 1121 3470 Virg.
1143 3405 1187 3470 ΙΙ,

208 3474 266 3533 506,
302 3488 317 3521 e
341 3487 394 3536 quo
417 3472 478 3523 loco
497 3473 582 3522 nostri
600 3469 767 3535 ‚,requires“
785 3473 949 3536 mutavimus
967 3471 996 3520 in
1014 3473 1165 3535 requiras„
