2616 3980
531 199 684 253 Praefatio.

94 399 98 402 -
168 355 207 415 Et
229 353 315 422 bene,
338 354 363 414 si
386 351 516 421 memini,
540 351 583 412 las
606 360 651 412 est
673 350 710 434 ab
732 349 818 412 hoste
840 349 941 410 doceri

211 437 419 516 virtutumque
442 435 553 497 Sathan
575 435 702 502 fabricat
724 452 806 496 arma
829 433 891 494 tibi.

171 521 232 582 Nos
254 521 289 582 ad
312 529 479 602 serpentes,
502 521 646 581 formicas
667 518 867 594 bestiolasque

213 605 249 666 111
270 613 355 666 sadra
376 613 520 684 pennatos
541 605 648 683 pagina
672 605 863 672 minitores,

170 690 208 751 Et
230 689 304 751 mihi
327 688 383 750 Job
405 688 547 768 loquitur,
573 691 641 766 quia
664 706 712 751 me
733 687 866 768 jumenta
889 685 1047 756 docebunt,

212 772 344 836 usnimi
366 781 412 834 est
434 773 511 850 quod
535 791 595 834 non
616 773 712 852 prosit
734 778 763 832 et
786 771 865 832 obsit
885 770 974 831 idem.

170 858 224 919 Hic
247 867 334 919 sonat
355 858 474 925 invidia,
498 855 582 924 livor,
608 857 794 935 truculentia,
817 856 919 931 iustus,

213 941 354 1012 Ambitio,
378 958 497 1008 rancor,
520 943 577 1018 ira,
600 940 701 1010 libido,
725 939 820 1001 dolus.
857 979 861 990 =

169 1026 359 1089 Postremum
383 1044 453 1087 vero
475 1024 582 1104 Trojae
604 1025 776 1087 miseranda
798 1025 885 1085 ruina

214 1108 406 1172 lniormativa
429 1109 546 1188 singula
569 1128 640 1171 voce
663 1120 763 1170 sonat:

172 1194 211 1256 Ut
232 1196 327 1257 malus
350 1194 484 1264 obsistat,
505 1195 663 1275 justusque
686 1197 815 1262 resistat,
839 1190 954 1258 habeto.

213 1279 271 1340 Sed
294 1280 362 1358 quia
385 1279 558 1340 clauserunt
579 1279 654 1342 baec
676 1277 753 1340 mala
776 1278 841 1337 sine
864 1274 952 1336 malo.
1067 1348 1070 1350 ,

172 1363 256 1433 Quod
281 1364 380 1424 brevis
403 1363 448 1423 est
469 1365 556 1442 risus,
580 1363 659 1442 quod
681 1362 828 1440 longaque
851 1358 974 1421 lacrima
990 1359 1093 1420 mundi

213 1447 368 1517 Quondam
392 1445 481 1525 Trnja
504 1455 610 1524 potens
633 1445 913 1508 incineratadocet.

172 1531 235 1591 dam
259 1533 378 1594 firmum
400 1530 473 1592 nihil
497 1539 552 1602 est,
576 1533 624 1591 oui
647 1547 706 1590 non
730 1537 826 1591 metus
849 1547 917 1590 esse
938 1531 1044 1589 ruinae

214 1615 310 1676 Possit
333 1623 362 1676 et
384 1616 440 1677 boc
463 1613 576 1686 subito;
599 1632 765 1694 persequor
787 1630 859 1690 ergo
881 1615 973 1674 cito“.
1122 1673 1125 1678 .

131 1698 190 1758 Cur
213 1697 344 1776 elegiaco
367 1718 454 1779 quam
477 1699 599 1760 heroico
621 1706 718 1760 metro
734 1699 872 1758 maluerit
887 1713 1007 1758 carmen
1023 1715 1094 1758 con·

130 1781 212 1850 dere,
236 1790 339 1843 auctor
360 1783 443 1843 hisce
465 1783 565 1862 prodit
586 1783 732 1860 prooemii
753 1781 890 1842 versibus
914 1778 953 1841 18
970 1797 1051 1858 sqq:

177 1864 257 1934 „lies
280 1874 379 1943 gestae
401 1883 567 1944 regumque
589 1866 756 1944 ducumque
778 1866 888 1926 ferocia
911 1866 989 1924 iacta

174 1947 239 2018 Quo
261 1948 352 2010 scribi
372 1957 497 2028 possent
518 1967 641 2010 numero
664 1951 838 2010 monstravit
860 1948 1014 2010 Homerus.
1057 1943 1062 1951 ’

155 2031 296 2093 Scilicet
318 2033 441 2095 heroico
464 2034 579 2094 dicetur
600 2035 735 2100 forsitan,
759 2035 809 2094 isti

175 2115 303 2178 Currere
325 2118 463 2180 versiculi
485 2118 551 2196 quia
574 2118 720 2180 deberent
741 2117 816 2195 pede
839 2117 899 2188 tali,

174 2201 317 2279 Quodque
339 2220 394 2281 per
417 2204 540 2280 exiguos
562 2221 737 2282 magnorum
760 2218 864 2279 magna
889 2202 1019 2262 virorum

174 2283 291 2346 Proelia
314 2305 374 2348 non
397 2287 502 2348 deceat
523 2287 624 2364 elegos
647 2289 803 2368 scripsisse
826 2284 1002 2363 probabant.

174 2369 252 2430 Sane
274 2373 416 2445 concedo,
438 2371 489 2432 sed
513 2379 596 2449 gesta
618 2374 785 2434 miserrima
807 2369 906 2432 scribo

173 2455 210 2514 Et
231 2461 345 2532 strages
367 2460 495 2518 miseras
516 2460 705 2524 miserorum,
730 2458 782 2534 qui
803 2457 942 2516 misereri

121 2539 129 2546 “
173 2537 337 2601 Noluerant
358 2541 418 2602 sibi
440 2559 496 2602 nec
518 2539 590 2610 aliis,
614 2541 666 2602 sed
689 2549 785 2602 morte
807 2539 958 2600 metebant

175 2622 213 2682 Se
235 2625 343 2684 misera
366 2627 485 2697 misere,
509 2627 621 2686 misero
643 2624 813 2687 stimulante
835 2625 948 2685 lurore.

175 2706 234 2766 Per·
256 2710 383 2770 miseros
405 2713 497 2786 igitur
520 2710 618 2788 elegos
641 2709 698 2769 hoc
720 2709 831 2770 ducere
854 2725 975 2768 carmen

174 2789 299 2850 Decrevi
321 2795 459 2856 miseram
483 2804 593 2855 sortem
616 2796 775 2856 miseratus
798 2810 911 2862 eorum,

174 2875 217 2935 De
240 2874 347 2953 quibus
369 2877 420 2939 hic
441 2878 560 2956 legitur,
583 2879 686 2940 miseri
709 2880 761 2959 qui
782 2883 879 2939 castra
902 2885 1074 2955 sequuntur.

174 2957 236 3019 llac
259 2967 360 3022 nostra
383 2965 498 3024 ratione
520 2962 614 3042 stylus
636 2981 697 3025 non
720 2963 824 3025 debuit
846 2964 916 3022 istas

175 3042 314 3105 Scribere
336 3063 393 3110 nec
416 3046 517 3108 debuit
539 3048 664 3109 heroum
688 3050 820 3109 carmine
843 3053 947 3116 morte,
1036 3073 1068 3114 ,1.

176 3129 234 3190 Sed
258 3132 393 3194 numeris
415 3131 471 3193 sub
493 3132 665 3212 disparibus
687 3133 734 3192 lex
756 3133 879 3193 metrica
902 3129 1037 3198 saltat,·n

174 3213 331 3292 Tanquam
354 3215 390 3276 de
413 3219 531 3278 miseris
553 3217 629 3278 haec
651 3223 696 3277 est
718 3217 861 3284 narratio,
885 3214 995 3282 dicat“.

217 3296 365 3367 Daretem,
388 3303 438 3381 qni
461 3295 568 3380 magno
591 3303 622 3362 in
644 3300 757 3360 honore
779 3299 855 3379 apud
880 3313 983 3359 omnes
1005 3298 1096 3359 medii

132 3382 196 3446 aevi
217 3384 378 3462 scriptores
400 3387 463 3456 init,
487 3388 574 3447 anxie
597 3392 627 3447 et
649 3383 754 3446 iisdem
778 3401 873 3461 paene
896 3382 995 3444 verbis
1010 3388 1096 3442 meas

131 3473 253 3530 secutus
276 3473 330 3538 est,
353 3477 386 3530 ut
408 3471 471 3550 ipse
495 3479 619 3532 testatur
641 3467 692 3530 lib.
715 3467 765 3530 ill.
789 3487 817 3528 v.
840 3465 903 3528 239
919 3486 998 3548 sqq:
