2616 4000
231 169 292 236 172
536 171 598 227 Lib,
617 173 665 222 vr.
701 189 726 224 v.
748 175 889 226 rer-roe.

339 352 550 422 [CONSILIUM
568 353 779 409 ANTENORIS
796 354 843 408 ΕΤ
860 355 1085 426 ΡΒΙΝΟΙΡΠΜ]
1145 391 1154 402 ,

230 477 367 538 Nondum
391 478 436 537 sol
460 475 578 556 liquidis
600 496 632 539 se
655 478 779 538 miserat
800 496 907 539 aureus
929 477 1017 540 undis

273 560 354 623 Clam
377 563 491 622 sociant
513 561 603 641 aliqui
627 580 668 632 se,
692 557 758 623 sine
780 571 865 632 teste,
889 561 965 630 sibi;

230 643 351 707 Scilicet
372 642 522 716 Antenor,
544 644 643 708 Iolaus
665 645 907 726 Polydamasque,

271 729 483 809 Amphidamas
504 728 564 790 illis
585 731 668 792 alluit
690 738 779 810 atque
802 731 906 792 Dolon.

229 814 337 876 lliount
358 815 461 876 mirari
482 833 524 885 se,
547 830 650 891 regem
672 812 759 876 malle
782 817 891 894 perire,

272 899 366 971 Quam
388 916 441 960 sua
464 899 519 960 sub
541 900 625 978 pacis
646 899 844 978 prosperitate
866 901 943 961 iore.

229 983 372 1045 Hostibus
394 983 501 1045 inclusi
524 1002 627 1045 sumus
649 1001 761 1054 omnes,
785 984 880 1064 patria
903 992 1026 1052 moeret,

272 1069 350 1130 Sunt
371 1069 445 1145 quia·
463 1069 602 1129 continua
625 1067 748 1147 proelia,
772 1070 898 1148 quisque
921 1065 1010 1130 dolet.
1068 1112 1071 1116 -

229 1151 377 1223 Consiliis,
400 1156 532 1214 Antenor
554 1154 604 1222 ait,
627 1152 767 1214 attendite
791 1154 900 1214 nostris

271 1236 415 1298 Dicendis
436 1238 551 1298 firmam
575 1237 773 1298 continuando
795 1238 894 1298 fidem.

229 1317 367 1397 Quidque
388 1320 484 1381 velitis
507 1319 604 1381 ethis
626 1328 773 1400 praestate
795 1321 912 1382 silentia
935 1321 1026 1384 rebus

271 1405 383 1474 Dicite;
406 1423 535 1484 moxque
557 1404 650 1483 ligant
671 1406 718 1466 his
741 1425 791 1468 sua
815 1415 882 1468 vota
902 1406 969 1467 fide.

229 1488 372 1550 Omnibus
394 1489 543 1550 adstrictis
564 1494 694 1551 Aeneam
717 1488 820 1551 deesse
842 1490 994 1571 patrandis

271 1573 374 1636 Noluit
397 1576 537 1644 Antenor,
562 1574 641 1635 unde
662 1583 783 1636 vocatus
806 1574 898 1636 adest.

231 1657 255 1719 Ο
278 1658 483 1722 Anchisiades!
506 1661 556 1729 ait,
579 1661 634 1720 ista
658 1658 828 1736 frequentia
850 1657 919 1720 belli

272 1742 416 1804 Omnibus
439 1751 485 1804 est
506 1745 599 1813 oneri,
624 1743 751 1804 dicimus
774 1761 845 1822 ergo
869 1743 932 1805 tibi.
993 1741 996 1749 '

232 1827 346 1889 Censeo
369 1826 552 1898 tradendam,
577 1837 608 1888 tu
632 1829 656 1888 si
678 1828 876 1898 consenseris,
900 1826 1023 1896 urbem:

271 1911 324 1974 Est
345 1929 433 1990 grave
455 1914 609 1993 perpetuis
631 1929 739 1990 corpus
761 1912 886 1973 humare
908 1912 1002 1974 malis.

231 1996 334 2058 Cautio
357 1997 435 2074 quod
460 1996 555 2058 danda
578 1998 616 2057 sit
638 1997 673 2057 ad
696 1999 750 2058 ista
774 1997 900 2075 negotia,
924 1999 1014 2065 scitis,

168 2111 169 2114 ¹
270 2081 314 2142 Ne
337 2089 445 2142 noceat
468 2091 535 2143 voto
557 2083 737 2161 suspiciosus
759 2081 859 2143 homo.

115 2251 117 2254 Ι
229 2165 273 2226 Ad
296 2164 412 2226 Danaos
434 2167 553 2244 sapiens
576 2176 606 2226 et
628 2173 731 2226 cautus
754 2168 875 2227 nuntius
896 2165 952 2227 ibit

270 2249 389 2311 Semina
413 2248 533 2310 consilii
555 2251 682 2310 seminet
703 2248 753 2310 ille
777 2249 853 2312 duci.

230 2333 283 2394 llle
305 2332 470 2412 reportabit
491 2335 572 2411 pacis
595 2335 737 2408 tutamina
761 2334 847 2396 nobis

273 2417 310 2479 Ut
331 2417 437 2478 radant
459 2424 561 2478 nostra
583 2415 723 2480 liberiore
746 2419 801 2479 ria.
854 2477 857 2483 .

230 2501 421 2563 Tardandum
443 2519 503 2562 non
527 2511 580 2573 est,
604 2502 657 2563 sed
679 2510 712 2564 ut
734 2503 935 2565 acceleremus
958 2511 1085 2580 oportet,

272 2585 338 2647 Non
362 2587 474 2665 patitur
496 2585 615 2664 longam
637 2586 726 2648 lectio
749 2593 850 2648 nostra
874 2589 1002 2648 moram!

231 2671 314 2732 llanc
336 2669 489 2732 hominurn
513 2673 606 2751 siquis
628 2671 774 2734 audiverit
795 2679 872 2742 ante,
896 2678 1020 2734 curante

270 2755 303 2814 ln
326 2763 458 2816 nostram
481 2756 567 2816 cedet
590 2758 726 2834 protinus
747 2755 794 2816 illa
819 2774 938 2826 necem;
1048 2823 1051 2828 .

230 2839 269 2900 Et
290 2841 357 2919 quia
381 2859 436 2901 nos
458 2840 579 2900 Priamo
601 2857 705 2919 pacem
728 2841 930 2920 persuasimus
953 2838 1022 2902 olim
1149 2849 1199 2902 195

275 2923 368 2985 lnstat
390 2924 524 2986 consiliis
545 2924 743 2987 forsitan-ille
766 2927 866 2995 novis;
910 2932 915 2938 ’

227 3059 428 3068 W

296 3126 353 3178 168.
371 3126 490 3176 fortasse
512 3125 671 3192 legendum:
700 3127 748 3177 sed
767 3126 826 3178 sine
846 3130 927 3181 teste.
1031 3127 1089 3182 tto.
1107 3128 1196 3179 Dares

227 3192 364 3243 nominat:
383 3191 533 3256 Ucaloyon.
603 3195 661 3248 170.
682 3193 740 3245 cod.
760 3194 855 3245 Dolon.
921 3197 977 3248 188.
997 3193 1088 3246 Schol.
1110 3193 1198 3246 Grae·

229 3275 327 3310 corum.
433 3263 490 3312 192.
516 3261 566 3312 Ov.
589 3259 654 3312 Met.
674 3261 719 3324 IV,
742 3264 800 3316 350.
828 3263 928 3327 vixque
952 3277 1055 3314 mororn
1077 3264 1193 3327 patitur.

229 3329 286 3379 193.
305 3326 390 3377 schol.
415 3343 470 3378 eur¹
494 3326 581 3382 finem.
652 3331 708 3382 194.
728 3329 811 3379 schol.
832 3330 895 3394 quia
915 3330 939 3381 si
956 3329 1101 3380 consilium
1119 3331 1197 3380 istud

226 3392 395 3444 intellexerit
420 3400 484 3444 ante
502 3393 584 3445 finem
602 3397 753 3446 occidemur
771 3413 787 3446 a
806 3397 925 3448 Priamo.
1030 3399 1088 3448 194.
1108 3397 1195 3449 schol

225 3461 286 3515 illa.
303 3461 386 3512 lectio
405 3463 451 3512 vel
470 3463 552 3512 actio.
