2616 3980
468 276 530 326 Lib.
551 278 573 326 1.
608 293 633 330 v,
653 277 797 328 ras-788.
853 307 857 326 ι

150 393 274 489 Aduolat
295 427 446 505 Euryalus,
470 445 537 488 curn
561 426 733 507 Tlepolemo
756 427 921 498 Diomedes,

100 523 105 528 ‘
195 513 296 583 Quini,
320 529 393 590 qnos
415 519 533 588 poterat
555 512 645 572 Troia
671 513 785 582 timere,
811 514 876 572 viri.

78 603 79 610 ’
152 597 191 658 Ηί
213 597 350 675 Spartam
372 597 503 661 veniunt.
527 595 636 674 injuria
660 598 737 657 lacta
760 596 884 663 recedit,

194 677 227 740 ln
249 688 337 759 caput
358 682 504 758 ipsorum,
529 683 579 756 qui
603 698 750 748 meruere,
775 681 882 742 lerunt.

151 764 209 824 Per
232 763 361 825 Graecas
384 763 473 825 urbes
495 783 554 824 non
578 782 689 842 paucus
712 767 836 825 nuntius
857 764 919 834 ibit,

194 849 245 909 Est
267 867 351 928 opus,
376 857 409 908 ut
430 848 541 909 lactum
564 849 688 911 Graecia
710 856 771 908 tota
796 850 876 909 sciat.

153 936 240 993 Arma
263 932 462 994 movebuntur
484 951 539 1011 per
561 940 651 994 totam
677 933 781 993 Dorica
805 941 927 1002 terram,

195 1018 345 1078 Sustineat
366 1019 502 1078 meritam
526 1017 613 1077 Troia
637 1016 765 1094 superba
787 1019 891 1078 vicern.

77 1097 86 1108 ⁴
152 1100 280 1179 Expedit
301 1103 416 1162 interea
440 1101 579 1163 fabricari
602 1101 682 1161 mille
704 1103 837 1173 carinas;

188 1185 282 1246 Lenti
306 1203 366 1247 non
389 1188 504 1246 erimus
526 1203 579 1264 per
602 1187 692 1245 maris
714 1187 760 1246 ire
784 1186 855 1255 vias,

153 1269 369 1331 Gonducendus
391 1270 447 1330 erit
470 1272 627 1338 exercitus,
651 1288 732 1330 arma
756 1269 896 1346 paranda,

195 1354 316 1414 Diverso
339 1353 443 1414 classis
466 1362 522 1414 est
533 1355 683 1414 oneranda
707 1353 783 1414 cibo.

153 1437 205 1497 Est
227 1439 370 1498 exercitui
393 1446 482 1514 caput
505 1457 596 1498 unum
618 1438 864 1516 praeficiendum,

194 1522 238 1582 Ad
259 1529 365 1582 nutum
388 1524 473 1583 cuius
495 1541 582 1583 omne
604 1531 727 1598 regatur
749 1541 834 1583 nnus.

153 1605 212 1667 Nos
237 1622 354 1685 quoque
378 1605 522 1666 debemus
545 1609 614 1666 totis
636 1604 812 1667 incumbere
835 1607 937 1672 remis,
1013 1641 1014 1646 κ

195 1691 233 1752 Ut
255 1691 323 1767 figat
345 1688 506 1769 Phrygium
529 1690 632 1750 lancea
654 1698 756 1750 nostra
778 1688 884 1750 solum.

153 1773 274 1834 Scilicet
296 1773 429 1833 adversis
451 1771 585 1851 probitas
608 1765 737 1832 exercita
760 1773 851 1834 rebus

144 1876 147 1884 ·
196 1857 286 1916 'l'risti
309 1857 461 1917 materiam
485 1864 617 1935 ternpore
642 1857 735 1916 laudis
757 1856 857 1917 babet.

311 1999 548 2056 AGAMEMNON
565 1999 689 2056 REGNO
708 1999 957 2057 PRAEFIGITUR.

154 2107 257 2186 llegno
279 2106 464 2206 praeficitur
473 2110 685 2183 Agamemnon,
709 2113 769 2169 tota
791 2105 930 2197 jubetur

196 2191 365 2251 Protinus'
357 2192 485 2270 imperio
508 2191 633 2251 Graecia
656 2200 736 2252 stare
757 2210 822 2252 suo.

154 2275 301 2354 Praecipit
323 2285 355 2335 ut
379 2275 493 2336 Danaos
515 2285 673 2355 percurrat
695 2274 821 2355 plurima
844 2276 918 2338 lines

196 2359 317 2426 Littera,
342 2359 516 2420 describens
539 2360 639 2420 hicet
664 2361 775 2441 ubique
798 2369 893 2423 rates.

152 2443 189 2503 llt
204 2442 324 2505 'ratibus
344 2444 429 2504 lactis
451 2452 558 2522 portus
580 2450 718 2506 teneatur
740 2444 874 2514 Athenis,
1067 2454 1117 2504 780

113 2601 114 2604 ¹
159 2526 234 2589 Ut
253 2548 284 2587 se
308 2526 349 2587 vis
370 2529 474 2624 populi
497 2527 615 2604 colligat
637 2530 734 2588 omnis
755 2530 808 2590 ibi.
1131 2541 1133 2546 ’

153 2581 278 2688 ibimus,
297 2613 403 2691 inquit,
427 2611 535 2673 abbinc
559 2611 693 2692 Troiam
717 2632 803 2693 quae,
827 2621 950 2674 strenua
972 2611 1060 2675 nobis
1152 2635 1158 2642 ·

195 2696 226 2756 Si
249 2713 354 2757 manus
377 2702 423 2756 est
445 2705 474 2757 et
496 2714 592 2765 meus,
616 2696 709 2759 indita
728 2696 841 2798 probra
864 2696 935 2758 luet

152 2781 293 2858 Turpiter
315 2781 416 2842 amisit
436 2772 579 2842 Helenam
602 2784 756 2861 provincia
779 2789 891 2852 nostra,

194 2864 300 2926 Ellecit
321 2865 462 2943 praedam
486 2867 601 2942 praedo
621 2866 742 2928 dolosus
764 2884 840 2926 eam.
1066 2873 1116 2923 ⁷85

151 2950 302 3010 lncautam
325 2948 409 3010 Paris
430 2952 568 3027 arripuit,
591 2968 645 3030 pro
670 2948 797 3030 conjuge
819 2915 902 3011 duxit

194 3032 346 3094 Praebens
367 3033 496 3094 innocuo
518 3034 597 3096 lacta
618 3037 722 3096 nociva
746 3035 842 3095 tboro.

153 3117 257 3179 Omnis
281 3119 311 3176 in
335 3135 414 3178 arma
439 3124 516 3189 ruat,
539 3119 644 3198 gladiis
666 3137 698 3182 se
721 3121 844 3181 Graecia
867 3120 973 3198 cingat,

151 3236 355 3254 -ο-ι--ι-Ἳ--η

220 3283 278 3338 768.
306 3284 744 3367 eod.Auriolus.T1epc010m0,
771 3287 936 3339 mutavimus
964 3304 979 3339 e
1005 3287 1113 3342 Dareta.

151 3354 209 3404 759.
241 3352 306 3404 (lod.
333 3354 433 3418 quini.
460 3370 553 3420 margo
572 3357 691 3421 quinque
711 3358 740 3405 et
759 3357 845 3420 quini.
933 3357 991 3406 764.
1011 3355 1116 3407 Dorice

151 3421 382 3487 superscriptum.
412 3419 527 3472 Graeca.
597 3425 654 3475 774.
678 3425 719 3474 iti.
741 3421 837 3473 Ovidii
853 3428 918 3474 sunt
934 3423 1017 3478 Triet.
1037 3425 1069 3479 V.
1090 3425 1116 3477 b,

149 3491 192 3540 49.
201 3491 254 3552 6οῚ
272 3504 306 3538 ex
324 3503 378 3552 quo
396 3488 458 3540 loco
476 3491 615 3554 posuimus
627 3491 714 3542 Tristi
731 3494 828 3541 muter.
846 3506 896 3557 per
913 3493 999 3542 nostri
1016 3495 1114 3543 mater.

150 3557 224 3610 trist.
294 3557 352 3607 779.
371 3555 437 3608 Ood.
456 3557 549 3608 litora.
