2618 3984
439 199 502 248 Lib.
522 198 572 248 111.
609 213 634 248 u.
657 199 796 248 ruas-nrt.
887 243 891 252 .
1062 197 1101 264 ’Π

137 350 274 412 Curanda
298 351 363 410 deri
385 349 529 428 quaedam
552 348 664 430 majora
688 349 821 412 videmus
929 391 934 398 -
1054 363 1102 412 195

177 433 317 503 Vulnera,
340 453 415 514 quae
439 433 546 494 melius
570 451 628 494 non
652 436 786 513 tetigisse
809 436 874 497 tuit.

133 519 212 580 Sunt
234 520 322 580 etiam
344 536 435 581 naves
457 517 650 598 reparandae.
695 518 800 580 Nonne
822 519 936 590 ridetis,

177 603 304 682 Semper
327 622 377 666 eas
399 605 488 664 rastis
510 601 590 681 quod
612 605 707 683 quatit
729 603 828 664 Eume
850 605 953 684 aquis?

105 713 106 716 ¹
135 685 173 747 Et
195 689 254 748 eitu
277 687 414 750 deficient
437 685 587 755 alimenta,
610 686 740 756 eibaria;
764 687 850 749 multi

161 772 335 851 ‚Temporis
357 771 494 834 assiduus
516 769 606 832 debet
628 771 740 832 habere
762 770 856 834 labor.
1051 785 1102 834 200

133 855 185 916 Est
207 857 295 917 etiem
318 856 452 918 modicus
475 857 635 926 exereitus,
658 863 688 917 et
711 856 780 932 quia
803 856 913 919 beilum

175 939 265 1002 Forte
287 939 337 1002 diu
360 940 458 1009 stabit,
482 939 579 1020 major
601 939 756 1001 habendus
779 942 845 1002 erit.

96 1080 105 1097 ,
134 1023 200 1086 Non
223 1032 364 1104 poterunt
386 1027 441 1086 ista
464 1025 531 1086 fieri
552 1024 609 1084 nisi
631 1031 732 1086 mente
753 1043 859 1087 serena

176 1109 215 1170 Et
236 1108 312 1170 bene
336 1125 451 1188 secure,
474 1127 531 1171 nee
553 1109 611 1170 nisi
632 1125 707 1189 paee
729 1108 806 1174 datu.

135 1193 213 1268 Ergo
236 1195 425 1272 requiramus
447 1211 560 1275 paoem,
583 1211 746 1273 pacemque
769 1198 934 1263 triennem
1051 1206 1101 1256 205

179 1278 311 1357 Tempus
334 1288 365 1340 ut
386 1278 539 1340 obtineant
561 1287 783 1357 promemorata
805 1287 911 1341 ratum.
934 1316 940 1327 ·

134 1359 212 1422 iiixit
234 1373 264 1423 et
286 1362 322 1422 ad
345 1363 495 1425 Priamum
519 1361 676 1423 confestim
700 1364 788 1426 mittit
811 1364 926 1426 Ulixem

176 1446 250 1508 Cum
273 1447 416 1508 Diomede
438 1448 521 1525 ioqui
543 1446 632 1507 verba
654 1449 756 1526 priora
779 1449 844 1511 sibi.

196 1609 330 1666 nunrn
349 1567 621 1668 uenumrnoms
638 1612 808 1668 vnurunu
826 1612 865 1666 m
884 1580 1052 1672 ruamus

135 1714 201 1776 Non
224 1723 289 1777 erat
311 1724 342 1778 et
364 1715 486 1795 Troiam
508 1717 660 1779 latitanter
682 1719 784 1778 nuntia
807 1717 926 1789 vadunt,

177 1799 214 1858 dt
235 1817 298 1868 sua,
322 1801 400 1860 torte
423 1801 489 1876 quis
510 1800 557 1861 his
579 1801 686 1870 obviat,
711 1818 791 1861 arma
814 1802 923 1861 ierunt.
1051 1812 1102 1860 uro

135 1882 228 1944 immo
251 1881 346 1943 Dolon
370 1885 502 1945 occurrit
524 1887 566 1946 eis
590 1903 606 1945 e
629 1884 757 1945 Troibus
779 1902 869 1950 unus:

176 1965 308 2037 Quaerit,
332 1984 391 2046 quo
413 1967 512 2031 medio
534 1977 670 2048 tempore
692 1969 787 2030 noetis
810 1977 887 2038 eant,

136 2049 173 2109 Et
195 2051 238 2110 sie
260 2052 381 2120 armati:
407 2060 552 2114 nocturna
575 2055 704 2132 negotia,
727 2053 807 2120 dieit,
984 2117 994 2128 ,
1035 2129 1038 2136 .

180 2136 328 2214 Armaque
348 2134 417 2215 jure
439 2146 540 2198 notum
562 2138 741 2218 suspicionis
763 2136 881 2202 habent

135 2217 277 2279 Vadimus
299 2219 335 2279 ad
359 2219 519 2291 Priamum,
542 2222 736 2302 respondent,
758 2239 851 2302 pauca
875 2223 1000 2294 reterre,
1050 2232 1100 2282 eta

178 2301 260 2374 Quae
283 2320 413 2380 pernes
436 2305 566 2386 loquitur
587 2324 641 2367 rex
663 2306 866 2385 Agamemnon
889 2309 926 2368 ei.

130 2384 279 2466 Troianos
301 2387 381 2468 quod
403 2389 578 2470 prodiderit,
601 2395 747 2452 mentitur
770 2391 927 2462 Homerus,

176 2470 260 2541 Quod
285 2474 324 2533 sit
345 2473 470 2534 istorum
493 2475 628 2554 perditus
649 2493 721 2536 ense
743 2475 854 2547 linium

135 2551 223 2626 Dicit,
248 2555 318 2617 dum
339 2557 438 2618 iuerat
456 2561 586 2620 serutari
608 2561 717 2620 missus
738 2560 864 2622 Achivos

176 2639 276 2702 iionee
298 2643 462 2711 transierit.
486 2640 638 2704 delituisse
661 2643 745 2704 duos.
1048 2653 1100 2702 nuo

130 2725 241 2805 Captus
263 2724 301 2786 ab
324 2725 370 2786 iris
392 2725 506 2788 'i'rodm
527 2729 635 2789 reeitat
657 2734 773 2788 seereta
797 2725 914 2788 duobus
1006 2765 1014 2781 .

177 2808 334 2871 Insinuans
357 2827 410 2890 per
433 2810 512 2890 quod
535 2811 765 2890 ingrederentur
786 2811 852 2872 iter.

133 2891 260 2970 Maxima
282 2893 372 2974 'froja
395 2895 470 2956 mihi
490 2914 613 2958 eurrum
636 2895 772 2975 promisit
794 2895 927 2966 nobiliis,

177 2976 291 3048 intulit,
316 2978 469 3058 Argolicae
491 2982 516 3040 si
538 2989 717 3061 caperentur
739 2997 822 3059 opes.

135 3095 337 3104 a——n-—...-.—..

200 3145 257 3196 195.
270 3146 297 3197 d.
310 3145 360 3197 Ov.
375 3146 454 3198 Puni.
468 3148 505 3212 11,
519 3149 544 3212 i,
557 3149 599 3201 26.
612 3149 653 3200 26.
688 3150 747 3200 205.
762 3149 849 3215 Marg.
862 3148 1010 3200 triennem.
1029 3149 1098 3199 Mne.

130 3211 273 3268 trientem.
324 3216 383 3265 214.
401 3216 489 3280 Merg.
508 3220 612 3267 notem.
631 3217 700 3272 Meo.
712 3230 820 3267 nonem.
872 3217 932 3271 alt.
950 3216 1100 3270 mentibus.

129 3277 279 3332 Homerus.
302 3281 403 3332 Noster
422 3283 639 3349 Epitometorem
655 3283 708 3335 hoe
726 3285 837 3334 nomine
857 3281 1006 3350 signifieat,
1025 3283 1100 3352 apud

131 3360 216 3411 quem
235 3347 306 3398 haee
324 3363 352 3399 v.
370 3351 421 3401 704
438 3365 498 3416 sqq.
516 3356 674 3406 demantur.
742 3353 801 3403 223.
820 3351 939 3418 Epitom.
957 3353 1015 3403 720.
1033 3353 1074 3403 21.

253 3416 375 3468 Maxime
393 3416 477 3482 'l'roje
494 3418 562 3468 mihi
580 3433 689 3469 currum
706 3418 830 3484 promisit
848 3418 965 3470 Achillis

283 3482 313 3533 si
331 3489 442 3536 vestras
461 3486 585 3552 cepisset
604 3500 682 3552 opes.
