<?xml version="1.0" encoding="UTF-8"?>
<!DOCTYPE html PUBLIC "-//W3C//DTD XHTML 1.0 Transitional//EN"
    "http://www.w3.org/TR/xhtml1/DTD/xhtml1-transitional.dtd">
<html xmlns="http://www.w3.org/1999/xhtml" xml:lang="en" lang="en">
 <head>
  <title>
</title>
<meta http-equiv="Content-Type" content="text/html;charset=utf-8" />
  <meta name='ocr-system' content='tesseract 3.04.00' />
  <meta name='ocr-capabilities' content='ocr_page ocr_carea ocr_par ocr_line ocrx_word'/>
</head>
<body>
  <div class='ocr_page' id='page_1' title='image "./troilusalbertis00albegoog_0058.png"; bbox 0 0 2616 3980; ppageno 0'>
   <div class='ocr_carea' id='block_1_1' title="bbox 476 267 1114 332">
    <p class='ocr_par' dir='ltr' id='par_1_1' title="bbox 476 267 1114 332">
     <span class='ocr_line' id='line_1_1' title="bbox 476 267 1114 332; baseline 0.005 -15"><span class='ocrx_word' id='word_1_1' title='bbox 476 269 539 321; x_wconf 89' lang='lat' dir='ltr'><strong>Lib.</strong></span> <span class='ocrx_word' id='word_1_2' title='bbox 559 269 595 319; x_wconf 89' lang='lat'><strong>11.</strong></span> <span class='ocrx_word' id='word_1_3' title='bbox 625 285 649 323; x_wconf 85' lang='lat' dir='ltr'><strong>v.</strong></span> <span class='ocrx_word' id='word_1_4' title='bbox 670 271 762 319; x_wconf 72' lang='lat'>1-26.</span> <span class='ocrx_word' id='word_1_5' title='bbox 1071 267 1114 332; x_wconf 83' lang='lat'><strong>39</strong></span> 
     </span>
    </p>
   </div>
   <div class='ocr_carea' id='block_1_2' title="bbox 159 377 1092 476">
    <p class='ocr_par' dir='ltr' id='par_1_2' title="bbox 159 377 1092 476">
     <span class='ocr_line' id='line_1_2' title="bbox 159 377 1092 476; baseline -0.005 0"><span class='ocrx_word' id='word_1_6' title='bbox 159 377 380 476; x_wconf 77' lang='lat' dir='ltr'><strong>nxrnrciuuu</strong></span> <span class='ocrx_word' id='word_1_7' title='bbox 401 415 589 473; x_wconf 77' lang='lat' dir='ltr'><strong>carinum.</strong></span> <span class='ocrx_word' id='word_1_8' title='bbox 615 403 751 472; x_wconf 79' lang='lat' dir='ltr'><strong>rnorem</strong></span> <span class='ocrx_word' id='word_1_9' title='bbox 768 414 958 472; x_wconf 80' lang='lat' dir='ltr'><strong>succubus</strong></span> <span class='ocrx_word' id='word_1_10' title='bbox 971 403 1092 476; x_wconf 79' lang='lat' dir='ltr'><strong>&#39;amum</strong></span> 
     </span>
    </p>
   </div>
   <div class='ocr_carea' id='block_1_3' title="bbox 97 536 1111 2721">
    <p class='ocr_par' dir='ltr' id='par_1_3' title="bbox 97 536 1111 2721">
     <span class='ocr_line' id='line_1_3' title="bbox 141 536 987 618; baseline -0.005 -13"><span class='ocrx_word' id='word_1_11' title='bbox 141 545 208 606; x_wconf 92' lang='lat' dir='ltr'><strong>Non</strong></span> <span class='ocrx_word' id='word_1_12' title='bbox 231 556 349 618; x_wconf 88' lang='lat' dir='ltr'><strong>semper</strong></span> <span class='ocrx_word' id='word_1_13' title='bbox 371 538 462 599; x_wconf 83' lang='lat' dir='ltr'><strong>feriet</strong></span> <span class='ocrx_word' id='word_1_14' title='bbox 484 537 684 618; x_wconf 88' lang='lat' dir='ltr'><strong>quodcunque</strong></span> <span class='ocrx_word' id='word_1_15' title='bbox 705 536 867 599; x_wconf 78' lang='lat' dir='ltr'><strong>minabitur</strong></span> <span class='ocrx_word' id='word_1_16' title='bbox 889 556 987 608; x_wconf 83' lang='lat' dir='ltr'><strong>arcus,</strong></span> 
     </span>
     <span class='ocr_line' id='line_1_4' title="bbox 97 621 843 705; baseline -0.009 -15"><span class='ocrx_word' id='word_1_17' title='bbox 97 641 101 649; x_wconf 80' lang='grc'><em>“</em></span> <span class='ocrx_word' id='word_1_18' title='bbox 186 629 360 705; x_wconf 92' lang='lat' dir='ltr'><strong>lncoeptum</strong></span> <span class='ocrx_word' id='word_1_19' title='bbox 383 639 469 683; x_wconf 90' lang='lat' dir='ltr'><strong>casus</strong></span> <span class='ocrx_word' id='word_1_20' title='bbox 490 639 582 702; x_wconf 87' lang='lat' dir='ltr'><strong>saepe</strong></span> <span class='ocrx_word' id='word_1_21' title='bbox 604 621 736 683; x_wconf 86' lang='lat' dir='ltr'><strong>retardat</strong></span> <span class='ocrx_word' id='word_1_22' title='bbox 758 640 843 702; x_wconf 88' lang='lat' dir='ltr'><strong>opus.</strong></span> 
     </span>
     <span class='ocr_line' id='line_1_5' title="bbox 141 705 896 788; baseline -0.008 -14"><span class='ocrx_word' id='word_1_23' title='bbox 141 713 206 774; x_wconf 80' lang='lat' dir='ltr'><strong>lam</strong></span> <span class='ocrx_word' id='word_1_24' title='bbox 229 709 347 788; x_wconf 81' lang='lat' dir='ltr'><strong>pridem</strong></span> <span class='ocrx_word' id='word_1_25' title='bbox 369 716 454 786; x_wconf 88' lang='lat' dir='ltr'><strong>rapta</strong></span> <span class='ocrx_word' id='word_1_26' title='bbox 477 706 580 767; x_wconf 79' lang='lat' dir='ltr'>Castor</span> <span class='ocrx_word' id='word_1_27' title='bbox 603 705 767 785; x_wconf 81' lang='lat' dir='ltr'><strong>Pallorque</strong></span> <span class='ocrx_word' id='word_1_28' title='bbox 790 723 896 768; x_wconf 89' lang='lat' dir='ltr'><strong>sorore</strong></span> 
     </span>
     <span class='ocr_line' id='line_1_6' title="bbox 185 791 840 872; baseline -0.008 -16"><span class='ocrx_word' id='word_1_29' title='bbox 185 799 297 872; x_wconf 76' lang='lat' dir='ltr'><strong>Aspera</strong></span> <span class='ocrx_word' id='word_1_30' title='bbox 317 791 463 852; x_wconf 85' lang='lat' dir='ltr'><strong>vindicem</strong></span> <span class='ocrx_word' id='word_1_31' title='bbox 486 793 604 853; x_wconf 90' lang='lat' dir='ltr'><strong>mittere</strong></span> <span class='ocrx_word' id='word_1_32' title='bbox 627 791 685 851; x_wconf 87' lang='lat' dir='ltr'><strong>tela</strong></span> <span class='ocrx_word' id='word_1_33' title='bbox 708 791 840 854; x_wconf 87' lang='lat' dir='ltr'><strong>student.</strong></span> 
     </span>
     <span class='ocr_line' id='line_1_7' title="bbox 141 875 1111 955; baseline -0.008 -14"><span class='ocrx_word' id='word_1_34' title='bbox 141 878 327 942; x_wconf 83' lang='lat' dir='ltr'><strong>Praedonem</strong></span> <span class='ocrx_word' id='word_1_35' title='bbox 348 875 447 937; x_wconf 87' lang='lat' dir='ltr'><strong>subito</strong></span> <span class='ocrx_word' id='word_1_36' title='bbox 469 875 583 952; x_wconf 83' lang='lat' dir='ltr'><strong>galeata</strong></span> <span class='ocrx_word' id='word_1_37' title='bbox 606 893 680 936; x_wconf 86' lang='lat' dir='ltr'><strong>nave</strong></span> <span class='ocrx_word' id='word_1_38' title='bbox 701 882 867 955; x_wconf 89' lang='lat' dir='ltr'><strong>sequuntur</strong></span> <span class='ocrx_word' id='word_1_39' title='bbox 1095 886 1111 933; x_wconf 84' lang='lat' dir='ltr'><strong>o</strong></span> 
     </span>
     <span class='ocr_line' id='line_1_8' title="bbox 184 958 834 1028; baseline -0.008 -4"><span class='ocrx_word' id='word_1_40' title='bbox 184 969 221 1024; x_wconf 81' lang='lat' dir='ltr'><strong>nt</strong></span> <span class='ocrx_word' id='word_1_41' title='bbox 242 961 354 1023; x_wconf 89' lang='lat' dir='ltr'><strong>Boreas</strong></span> <span class='ocrx_word' id='word_1_42' title='bbox 374 958 433 1020; x_wconf 90' lang='lat' dir='ltr'><strong>illis</strong></span> <span class='ocrx_word' id='word_1_43' title='bbox 455 959 553 1019; x_wconf 89' lang='lat' dir='ltr'><strong>obstat</strong></span> <span class='ocrx_word' id='word_1_44' title='bbox 574 968 604 1021; x_wconf 92' lang='lat' dir='ltr'><strong>et</strong></span> <span class='ocrx_word' id='word_1_45' title='bbox 625 959 705 1020; x_wconf 88' lang='lat' dir='ltr'><strong>unda</strong></span> <span class='ocrx_word' id='word_1_46' title='bbox 728 961 834 1028; x_wconf 89' lang='lat' dir='ltr'><strong>maris;</strong></span> 
     </span>
     <span class='ocr_line' id='line_1_9' title="bbox 142 1041 955 1125; baseline -0.006 -16"><span class='ocrx_word' id='word_1_47' title='bbox 142 1049 215 1110; x_wconf 89' lang='lat' dir='ltr'><strong>Nam</strong></span> <span class='ocrx_word' id='word_1_48' title='bbox 238 1054 396 1125; x_wconf 88' lang='lat' dir='ltr'><strong>postquam</strong></span> <span class='ocrx_word' id='word_1_49' title='bbox 419 1044 533 1105; x_wconf 88' lang='lat' dir='ltr'><strong>solvere</strong></span> <span class='ocrx_word' id='word_1_50' title='bbox 555 1051 651 1105; x_wconf 87' lang='lat' dir='ltr'><strong>ratem</strong></span> <span class='ocrx_word' id='word_1_51' title='bbox 673 1043 711 1104; x_wconf 91' lang='lat' dir='ltr'><strong>de</strong></span> <span class='ocrx_word' id='word_1_52' title='bbox 732 1043 833 1105; x_wconf 90' lang='lat' dir='ltr'><strong>littore</strong></span> <span class='ocrx_word' id='word_1_53' title='bbox 855 1041 955 1112; x_wconf 84' lang='lat' dir='ltr'><strong>Lesbi,</strong></span> 
     </span>
     <span class='ocr_line' id='line_1_10' title="bbox 114 1125 856 1208; baseline -0.005 -16"><span class='ocrx_word' id='word_1_54' title='bbox 114 1171 118 1175; x_wconf 94' lang='lat'><em>-</em></span> <span class='ocrx_word' id='word_1_55' title='bbox 185 1132 311 1193; x_wconf 83' lang='lat' dir='ltr'><strong>Maxima</strong></span> <span class='ocrx_word' id='word_1_56' title='bbox 333 1134 494 1208; x_wconf 90' lang='lat' dir='ltr'><strong>tempestas</strong></span> <span class='ocrx_word' id='word_1_57' title='bbox 515 1145 570 1206; x_wconf 89' lang='lat' dir='ltr'><strong>per</strong></span> <span class='ocrx_word' id='word_1_58' title='bbox 591 1145 675 1189; x_wconf 90' lang='lat' dir='ltr'><strong>mare</strong></span> <span class='ocrx_word' id='word_1_59' title='bbox 694 1125 767 1205; x_wconf 87' lang='lat' dir='ltr'><strong>jecit</strong></span> <span class='ocrx_word' id='word_1_60' title='bbox 789 1146 856 1195; x_wconf 89' lang='lat' dir='ltr'><strong>eos;</strong></span> 
     </span>
     <span class='ocr_line' id='line_1_11' title="bbox 142 1212 839 1291; baseline -0.006 -14"><span class='ocrx_word' id='word_1_61' title='bbox 142 1215 192 1277; x_wconf 87' lang='lat' dir='ltr'><strong>Sic</strong></span> <span class='ocrx_word' id='word_1_62' title='bbox 215 1225 247 1275; x_wconf 90' lang='lat' dir='ltr'><strong>ut</strong></span> <span class='ocrx_word' id='word_1_63' title='bbox 269 1212 434 1274; x_wconf 91' lang='lat' dir='ltr'><strong>eorundem</strong></span> <span class='ocrx_word' id='word_1_64' title='bbox 455 1213 578 1288; x_wconf 84' lang='lat' dir='ltr'><strong>vestigia</strong></span> <span class='ocrx_word' id='word_1_65' title='bbox 600 1229 660 1272; x_wconf 93' lang='lat' dir='ltr'><strong>uon</strong></span> <span class='ocrx_word' id='word_1_66' title='bbox 682 1213 839 1291; x_wconf 89' lang='lat' dir='ltr'><strong>reperiret,</strong></span> 
     </span>
     <span class='ocr_line' id='line_1_12' title="bbox 184 1295 1110 1377; baseline -0.004 -17"><span class='ocrx_word' id='word_1_67' title='bbox 184 1299 245 1360; x_wconf 87' lang='lat' dir='ltr'><strong>llos</strong></span> <span class='ocrx_word' id='word_1_68' title='bbox 266 1298 463 1377; x_wconf 76' lang='lat' dir='ltr'><strong>perquisierit</strong></span> <span class='ocrx_word' id='word_1_69' title='bbox 480 1295 604 1358; x_wconf 85' lang='lat' dir='ltr'><strong>Lesbiae</strong></span> <span class='ocrx_word' id='word_1_70' title='bbox 628 1295 715 1356; x_wconf 88' lang='lat' dir='ltr'><strong>turba</strong></span> <span class='ocrx_word' id='word_1_71' title='bbox 737 1295 816 1361; x_wconf 85' lang='lat' dir='ltr'><strong>licet.</strong></span> <span class='ocrx_word' id='word_1_72' title='bbox 1078 1306 1110 1356; x_wconf 87' lang='lat'><strong>10</strong></span> 
     </span>
     <span class='ocr_line' id='line_1_13' title="bbox 142 1379 973 1462; baseline -0.006 -17"><span class='ocrx_word' id='word_1_73' title='bbox 142 1384 201 1445; x_wconf 90' lang='lat' dir='ltr'><strong>Per</strong></span> <span class='ocrx_word' id='word_1_74' title='bbox 223 1381 360 1462; x_wconf 81' lang='lat' dir='ltr'><strong>pelagum</strong></span> <span class='ocrx_word' id='word_1_75' title='bbox 383 1380 480 1441; x_wconf 89' lang='lat' dir='ltr'><strong>donec</strong></span> <span class='ocrx_word' id='word_1_76' title='bbox 502 1380 538 1440; x_wconf 90' lang='lat' dir='ltr'><strong>ad</strong></span> <span class='ocrx_word' id='word_1_77' title='bbox 561 1379 705 1457; x_wconf 80' lang='lat' dir='ltr'><strong>Pergama</strong></span> <span class='ocrx_word' id='word_1_78' title='bbox 727 1390 819 1441; x_wconf 89' lang='lat' dir='ltr'><strong>nauta</strong></span> <span class='ocrx_word' id='word_1_79' title='bbox 841 1381 973 1441; x_wconf 89' lang='lat' dir='ltr'><strong>marinus</strong></span> 
     </span>
     <span class='ocr_line' id='line_1_14' title="bbox 183 1461 807 1544; baseline -0.005 -16"><span class='ocrx_word' id='word_1_80' title='bbox 183 1465 293 1528; x_wconf 80' lang='lat' dir='ltr'><strong>Ambos</strong></span> <span class='ocrx_word' id='word_1_81' title='bbox 314 1465 460 1544; x_wconf 88' lang='lat' dir='ltr'><strong>quaesivit</strong></span> <span class='ocrx_word' id='word_1_82' title='bbox 481 1481 537 1524; x_wconf 91' lang='lat' dir='ltr'><strong>nec</strong></span> <span class='ocrx_word' id='word_1_83' title='bbox 560 1467 709 1542; x_wconf 89' lang='lat' dir='ltr'><strong>reperisse</strong></span> <span class='ocrx_word' id='word_1_84' title='bbox 731 1461 807 1525; x_wconf 89' lang='lat' dir='ltr'><strong>tulit.</strong></span> 
     </span>
     <span class='ocr_line' id='line_1_15' title="bbox 144 1547 898 1619; baseline -0.007 -6"><span class='ocrx_word' id='word_1_85' title='bbox 144 1549 256 1613; x_wconf 84' lang='lat' dir='ltr'><strong>Fabula</strong></span> <span class='ocrx_word' id='word_1_86' title='bbox 277 1548 435 1611; x_wconf 87' lang='lat' dir='ltr'><strong>stultorum</strong></span> <span class='ocrx_word' id='word_1_87' title='bbox 458 1547 537 1610; x_wconf 88' lang='lat' dir='ltr'><strong>locat</strong></span> <span class='ocrx_word' id='word_1_88' title='bbox 557 1550 637 1609; x_wconf 91' lang='lat' dir='ltr'><strong>inter</strong></span> <span class='ocrx_word' id='word_1_89' title='bbox 659 1548 758 1614; x_wconf 89' lang='lat' dir='ltr'><strong>sidera</strong></span> <span class='ocrx_word' id='word_1_90' title='bbox 781 1548 898 1619; x_wconf 86' lang='lat' dir='ltr'><strong>iratres,</strong></span> 
     </span>
     <span class='ocr_line' id='line_1_16' title="bbox 184 1631 825 1712; baseline -0.003 -16"><span class='ocrx_word' id='word_1_91' title='bbox 184 1635 218 1696; x_wconf 92' lang='lat' dir='ltr'><strong>lu</strong></span> <span class='ocrx_word' id='word_1_92' title='bbox 240 1635 376 1712; x_wconf 80' lang='lat' dir='ltr'><strong>geminis,</strong></span> <span class='ocrx_word' id='word_1_93' title='bbox 400 1635 492 1702; x_wconf 91' lang='lat' dir='ltr'><strong>aiunt,</strong></span> <span class='ocrx_word' id='word_1_94' title='bbox 516 1631 571 1693; x_wconf 87' lang='lat' dir='ltr'><strong>bos</strong></span> <span class='ocrx_word' id='word_1_95' title='bbox 593 1631 710 1694; x_wconf 89' lang='lat' dir='ltr'><strong>radiare</strong></span> <span class='ocrx_word' id='word_1_96' title='bbox 732 1632 825 1694; x_wconf 87' lang='lat' dir='ltr'><strong>vides.</strong></span> 
     </span>
     <span class='ocr_line' id='line_1_17' title="bbox 141 1715 1109 1796; baseline -0.005 -16"><span class='ocrx_word' id='word_1_97' title='bbox 141 1718 200 1790; x_wconf 84' lang='lat' dir='ltr'><strong>Qui</strong></span> <span class='ocrx_word' id='word_1_98' title='bbox 222 1720 308 1796; x_wconf 91' lang='lat' dir='ltr'><strong>prius</strong></span> <span class='ocrx_word' id='word_1_99' title='bbox 330 1717 474 1784; x_wconf 84' lang='lat' dir='ltr'><strong>exoritur,</strong></span> <span class='ocrx_word' id='word_1_100' title='bbox 497 1716 546 1776; x_wconf 91' lang='lat' dir='ltr'><strong>hic</strong></span> <span class='ocrx_word' id='word_1_101' title='bbox 568 1715 688 1777; x_wconf 89' lang='lat' dir='ltr'><strong>ultimus</strong></span> <span class='ocrx_word' id='word_1_102' title='bbox 710 1716 834 1786; x_wconf 88' lang='lat' dir='ltr'><strong>occidit;</strong></span> <span class='ocrx_word' id='word_1_103' title='bbox 859 1719 962 1796; x_wconf 91' lang='lat' dir='ltr'><strong>etqui</strong></span> <span class='ocrx_word' id='word_1_104' title='bbox 1077 1726 1109 1776; x_wconf 85' lang='lat'><strong>15</strong></span> 
     </span>
     <span class='ocr_line' id='line_1_18' title="bbox 185 1800 794 1879; baseline -0.005 -15"><span class='ocrx_word' id='word_1_105' title='bbox 185 1801 313 1865; x_wconf 88' lang='lat' dir='ltr'><strong>Ultimus</strong></span> <span class='ocrx_word' id='word_1_106' title='bbox 335 1802 477 1869; x_wconf 83' lang='lat' dir='ltr'><strong>exoritur,</strong></span> <span class='ocrx_word' id='word_1_107' title='bbox 501 1800 609 1860; x_wconf 87' lang='lat' dir='ltr'><strong>occidit</strong></span> <span class='ocrx_word' id='word_1_108' title='bbox 629 1800 680 1860; x_wconf 89' lang='lat' dir='ltr'><strong>ille</strong></span> <span class='ocrx_word' id='word_1_109' title='bbox 701 1800 794 1879; x_wconf 91' lang='lat' dir='ltr'><strong>prior.</strong></span> 
     </span>
     <span class='ocr_line' id='line_1_19' title="bbox 141 1883 996 1964; baseline -0.002 -17"><span class='ocrx_word' id='word_1_110' title='bbox 141 1887 236 1947; x_wconf 92' lang='lat' dir='ltr'><strong>lmmo</strong></span> <span class='ocrx_word' id='word_1_111' title='bbox 259 1885 351 1945; x_wconf 84' lang='lat' dir='ltr'><strong>Dares</strong></span> <span class='ocrx_word' id='word_1_112' title='bbox 372 1883 519 1962; x_wconf 82' lang='lat' dir='ltr'><strong>Phrygius</strong></span> <span class='ocrx_word' id='word_1_113' title='bbox 541 1885 592 1962; x_wconf 86' lang='lat' dir='ltr'><strong>qui</strong></span> <span class='ocrx_word' id='word_1_114' title='bbox 614 1883 720 1945; x_wconf 84' lang='lat' dir='ltr'><strong>Troica</strong></span> <span class='ocrx_word' id='word_1_115' title='bbox 742 1883 857 1963; x_wconf 89' lang='lat' dir='ltr'><strong>proelia</strong></span> <span class='ocrx_word' id='word_1_116' title='bbox 879 1885 996 1964; x_wconf 81' lang='lat' dir='ltr'><strong>scripsit</strong></span> 
     </span>
     <span class='ocr_line' id='line_1_20' title="bbox 184 1967 814 2046; baseline 0.002 -19"><span class='ocrx_word' id='word_1_117' title='bbox 184 1967 306 2030; x_wconf 90' lang='lat' dir='ltr'><strong>lllorum</strong></span> <span class='ocrx_word' id='word_1_118' title='bbox 328 1968 411 2029; x_wconf 86' lang='lat' dir='ltr'><strong>nulla</strong></span> <span class='ocrx_word' id='word_1_119' title='bbox 433 1969 471 2028; x_wconf 92' lang='lat' dir='ltr'><strong>de</strong></span> <span class='ocrx_word' id='word_1_120' title='bbox 492 1985 566 2028; x_wconf 92' lang='lat' dir='ltr'><strong>nece</strong></span> <span class='ocrx_word' id='word_1_121' title='bbox 588 1969 699 2046; x_wconf 89' lang='lat' dir='ltr'><strong>scripta</strong></span> <span class='ocrx_word' id='word_1_122' title='bbox 722 1967 814 2030; x_wconf 85' lang='lat' dir='ltr'><strong>dedit.</strong></span> 
     </span>
     <span class='ocr_line' id='line_1_21' title="bbox 142 2050 939 2131; baseline -0.003 -15"><span class='ocrx_word' id='word_1_123' title='bbox 142 2053 203 2116; x_wconf 90' lang='lat' dir='ltr'><strong>llos</strong></span> <span class='ocrx_word' id='word_1_124' title='bbox 225 2061 290 2113; x_wconf 88' lang='lat' dir='ltr'><strong>orat</strong></span> <span class='ocrx_word' id='word_1_125' title='bbox 311 2053 343 2112; x_wconf 92' lang='lat' dir='ltr'><strong>in</strong></span> <span class='ocrx_word' id='word_1_126' title='bbox 366 2050 473 2131; x_wconf 84' lang='lat' dir='ltr'><strong>Trojae</strong></span> <span class='ocrx_word' id='word_1_127' title='bbox 496 2069 612 2112; x_wconf 92' lang='lat' dir='ltr'><strong>memor</strong></span> <span class='ocrx_word' id='word_1_128' title='bbox 634 2051 791 2112; x_wconf 86' lang='lat' dir='ltr'><strong>obsidione</strong></span> <span class='ocrx_word' id='word_1_129' title='bbox 813 2054 939 2124; x_wconf 85' lang='lat' dir='ltr'><strong>stetisse,</strong></span> 
     </span>
     <span class='ocr_line' id='line_1_22' title="bbox 184 2135 1107 2215; baseline -0.001 -18"><span class='ocrx_word' id='word_1_130' title='bbox 184 2138 260 2197; x_wconf 89' lang='lat' dir='ltr'><strong>Sunt</strong></span> <span class='ocrx_word' id='word_1_131' title='bbox 280 2135 318 2200; x_wconf 84' lang='lat' dir='ltr'><strong>ab</strong></span> <span class='ocrx_word' id='word_1_132' title='bbox 342 2154 377 2197; x_wconf 93' lang='lat' dir='ltr'><strong>eo</strong></span> <span class='ocrx_word' id='word_1_133' title='bbox 399 2137 455 2196; x_wconf 88' lang='lat' dir='ltr'><strong>visi</strong></span> <span class='ocrx_word' id='word_1_134' title='bbox 477 2143 613 2215; x_wconf 88' lang='lat' dir='ltr'><strong>tempore</strong></span> <span class='ocrx_word' id='word_1_135' title='bbox 633 2139 718 2215; x_wconf 89' lang='lat' dir='ltr'><strong>pacis</strong></span> <span class='ocrx_word' id='word_1_136' title='bbox 739 2135 791 2198; x_wconf 89' lang='lat' dir='ltr'><strong>ibi.</strong></span> <span class='ocrx_word' id='word_1_137' title='bbox 1071 2148 1107 2196; x_wconf 83' lang='lat'><strong>20</strong></span> 
     </span>
     <span class='ocr_line' id='line_1_23' title="bbox 139 2217 873 2300; baseline 0 -18"><span class='ocrx_word' id='word_1_138' title='bbox 139 2222 237 2300; x_wconf 90' lang='lat' dir='ltr'><strong>Saepe</strong></span> <span class='ocrx_word' id='word_1_139' title='bbox 259 2220 456 2299; x_wconf 89' lang='lat' dir='ltr'><strong>loquebantur</strong></span> <span class='ocrx_word' id='word_1_140' title='bbox 477 2217 618 2298; x_wconf 81' lang='lat' dir='ltr'><strong>Trojani:</strong></span> <span class='ocrx_word' id='word_1_141' title='bbox 642 2221 769 2284; x_wconf 87' lang='lat' dir='ltr'><strong>vidimus</strong></span> <span class='ocrx_word' id='word_1_142' title='bbox 791 2220 873 2290; x_wconf 90' lang='lat' dir='ltr'><strong>illos;</strong></span> 
     </span>
     <span class='ocr_line' id='line_1_24' title="bbox 136 2303 818 2366; baseline 0 0"><span class='ocrx_word' id='word_1_143' title='bbox 136 2325 151 2352; x_wconf 56' lang='lat' dir='ltr'>x</span> <span class='ocrx_word' id='word_1_144' title='bbox 182 2305 219 2366; x_wconf 82' lang='lat' dir='ltr'><strong>Et</strong></span> <span class='ocrx_word' id='word_1_145' title='bbox 240 2306 312 2366; x_wconf 90' lang='lat' dir='ltr'><strong>satis</strong></span> <span class='ocrx_word' id='word_1_146' title='bbox 333 2304 488 2366; x_wconf 91' lang='lat' dir='ltr'><strong>amborum</strong></span> <span class='ocrx_word' id='word_1_147' title='bbox 511 2303 677 2366; x_wconf 91' lang='lat' dir='ltr'><strong>disseruere</strong></span> <span class='ocrx_word' id='word_1_148' title='bbox 698 2313 818 2366; x_wconf 88' lang='lat' dir='ltr'><strong>statum.</strong></span> 
     </span>
     <span class='ocr_line' id='line_1_25' title="bbox 140 2383 939 2469; baseline -0.003 -18"><span class='ocrx_word' id='word_1_149' title='bbox 140 2390 291 2451; x_wconf 86' lang='lat' dir='ltr'><strong>Praeclari</strong></span> <span class='ocrx_word' id='word_1_150' title='bbox 313 2388 388 2450; x_wconf 82' lang='lat' dir='ltr'><strong>lucie</strong></span> <span class='ocrx_word' id='word_1_151' title='bbox 410 2387 571 2451; x_wconf 88' lang='lat' dir='ltr'><strong>deductum</strong></span> <span class='ocrx_word' id='word_1_152' title='bbox 594 2407 706 2469; x_wconf 90' lang='lat' dir='ltr'><strong>corpus</strong></span> <span class='ocrx_word' id='word_1_153' title='bbox 727 2388 876 2450; x_wconf 87' lang='lat' dir='ltr'><strong>habebant</strong></span> <span class='ocrx_word' id='word_1_154' title='bbox 938 2383 939 2390; x_wconf 65' lang='lat'><em>&#39;</em></span> 
     </span>
     <span class='ocr_line' id='line_1_26' title="bbox 181 2472 784 2553; baseline -0.003 -18"><span class='ocrx_word' id='word_1_155' title='bbox 181 2473 319 2535; x_wconf 82' lang='lat' dir='ltr'><strong>Caesarie</strong></span> <span class='ocrx_word' id='word_1_156' title='bbox 340 2472 419 2543; x_wconf 83' lang='lat' dir='ltr'><strong>ssavi,</strong></span> <span class='ocrx_word' id='word_1_157' title='bbox 441 2490 568 2552; x_wconf 87' lang='lat' dir='ltr'><strong>corpore</strong></span> <span class='ocrx_word' id='word_1_158' title='bbox 591 2492 685 2553; x_wconf 89' lang='lat' dir='ltr'><strong>paene</strong></span> <span class='ocrx_word' id='word_1_159' title='bbox 709 2475 784 2553; x_wconf 90' lang='lat' dir='ltr'><strong>pari.</strong></span> 
     </span>
     <span class='ocr_line' id='line_1_27' title="bbox 139 2555 1105 2636; baseline 0.001 -20"><span class='ocrx_word' id='word_1_160' title='bbox 139 2557 253 2636; x_wconf 82' lang='lat' dir='ltr'><strong>Magnis</strong></span> <span class='ocrx_word' id='word_1_161' title='bbox 275 2556 433 2618; x_wconf 89' lang='lat' dir='ltr'><strong>stellabant</strong></span> <span class='ocrx_word' id='word_1_162' title='bbox 455 2558 556 2626; x_wconf 86' lang='lat' dir='ltr'><strong>oculis,</strong></span> <span class='ocrx_word' id='word_1_163' title='bbox 579 2556 727 2619; x_wconf 88' lang='lat' dir='ltr'><strong>laudabile</strong></span> <span class='ocrx_word' id='word_1_164' title='bbox 750 2555 848 2618; x_wconf 83' lang='lat' dir='ltr'><strong>vultus</strong></span> <span class='ocrx_word' id='word_1_165' title='bbox 1071 2567 1105 2617; x_wconf 81' lang='lat'><strong>25</strong></span> 
     </span>
     <span class='ocr_line' id='line_1_28' title="bbox 183 2640 882 2721; baseline -0.001 -18"><span class='ocrx_word' id='word_1_166' title='bbox 183 2641 279 2721; x_wconf 89' lang='lat' dir='ltr'><strong>Hujus</strong></span> <span class='ocrx_word' id='word_1_167' title='bbox 300 2649 331 2702; x_wconf 90' lang='lat' dir='ltr'><strong>et</strong></span> <span class='ocrx_word' id='word_1_168' title='bbox 353 2640 557 2703; x_wconf 88' lang='lat' dir='ltr'><strong>membrorum</strong></span> <span class='ocrx_word' id='word_1_169' title='bbox 580 2643 646 2702; x_wconf 88' lang='lat' dir='ltr'><strong>dieo</strong></span> <span class='ocrx_word' id='word_1_170' title='bbox 668 2643 759 2703; x_wconf 86' lang='lat' dir='ltr'><strong>luisse</strong></span> <span class='ocrx_word' id='word_1_171' title='bbox 781 2642 882 2702; x_wconf 90' lang='lat' dir='ltr'><strong>decus.</strong></span> 
     </span>
    </p>
   </div>
   <div class='ocr_carea' id='block_1_4' title="bbox 139 2873 1104 3012">
    <p class='ocr_par' dir='ltr' id='par_1_4' title="bbox 139 2873 1104 3012">
     <span class='ocr_line' id='line_1_29' title="bbox 205 2873 1103 2941; baseline 0.004 -17"><span class='ocrx_word' id='word_1_172' title='bbox 205 2876 231 2924; x_wconf 80' lang='lat'><strong>4.</strong></span> <span class='ocrx_word' id='word_1_173' title='bbox 258 2873 325 2926; x_wconf 78' lang='lat' dir='ltr'><strong>eod.</strong></span> <span class='ocrx_word' id='word_1_174' title='bbox 350 2875 458 2926; x_wconf 84' lang='lat' dir='ltr'><strong>Moesia</strong></span> <span class='ocrx_word' id='word_1_175' title='bbox 480 2882 511 2926; x_wconf 86' lang='lat' dir='ltr'><strong>ut</strong></span> <span class='ocrx_word' id='word_1_176' title='bbox 535 2881 564 2928; x_wconf 90' lang='lat' dir='ltr'><strong>et</strong></span> <span class='ocrx_word' id='word_1_177' title='bbox 581 2877 678 2928; x_wconf 85' lang='lat' dir='ltr'><strong>Darae.</strong></span> <span class='ocrx_word' id='word_1_178' title='bbox 703 2881 796 2926; x_wconf 88' lang='lat' dir='ltr'><strong>tamen</strong></span> <span class='ocrx_word' id='word_1_179' title='bbox 812 2874 882 2941; x_wconf 84' lang='lat' dir='ltr'><strong>Mys.</strong></span> <span class='ocrx_word' id='word_1_180' title='bbox 900 2875 1046 2941; x_wconf 80' lang='lat' dir='ltr'><strong>legendum</strong></span> <span class='ocrx_word' id='word_1_181' title='bbox 1069 2877 1103 2928; x_wconf 93' lang='lat' dir='ltr'><strong>ob</strong></span> 
     </span>
     <span class='ocr_line' id='line_1_30' title="bbox 139 2942 1104 3012; baseline 0 -19"><span class='ocrx_word' id='word_1_182' title='bbox 139 2955 249 2993; x_wconf 85' lang='lat' dir='ltr'><strong>versum</strong></span> <span class='ocrx_word' id='word_1_183' title='bbox 266 2942 310 2990; x_wconf 90' lang='lat' dir='ltr'><strong>uti</strong></span> <span class='ocrx_word' id='word_1_184' title='bbox 327 2943 412 2992; x_wconf 87' lang='lat' dir='ltr'><strong>etiam</strong></span> <span class='ocrx_word' id='word_1_185' title='bbox 428 2943 511 2998; x_wconf 84' lang='lat' dir='ltr'><strong>infra.</strong></span> <span class='ocrx_word' id='word_1_186' title='bbox 572 2945 596 2994; x_wconf 83' lang='lat'><strong>6.</strong></span> <span class='ocrx_word' id='word_1_187' title='bbox 615 2942 803 2997; x_wconf 86' lang='lat' dir='ltr'><strong>Prothetelae.</strong></span> <span class='ocrx_word' id='word_1_188' title='bbox 860 2945 884 2997; x_wconf 84' lang='lat'><strong>9.</strong></span> <span class='ocrx_word' id='word_1_189' title='bbox 903 2943 969 2993; x_wconf 81' lang='lat' dir='ltr'><strong>Ood.</strong></span> <span class='ocrx_word' id='word_1_190' title='bbox 987 2944 1104 3012; x_wconf 87' lang='lat' dir='ltr'><strong>Naupli-</strong></span> 
     </span>
    </p>
   </div>
   <div class='ocr_carea' id='block_1_5' title="bbox 34 3007 1103 3076">
    <p class='ocr_par' dir='ltr' id='par_1_5' title="bbox 34 3007 1103 3076">
     <span class='ocr_line' id='line_1_31' title="bbox 34 3007 1103 3076; baseline 0.005 -19"><span class='ocrx_word' id='word_1_191' title='bbox 34 3007 39 3014; x_wconf 87' lang='lat'>&#39;</span> <span class='ocrx_word' id='word_1_192' title='bbox 140 3013 231 3058; x_wconf 84' lang='lat' dir='ltr'><strong>cuent</strong></span> <span class='ocrx_word' id='word_1_193' title='bbox 242 3009 337 3059; x_wconf 85' lang='lat' dir='ltr'><strong>ambit.</strong></span> <span class='ocrx_word' id='word_1_194' title='bbox 370 3010 402 3060; x_wconf 90' lang='lat' dir='ltr'><strong>In</strong></span> <span class='ocrx_word' id='word_1_195' title='bbox 419 3011 543 3076; x_wconf 79' lang='lat' dir='ltr'><strong>margine</strong></span> <span class='ocrx_word' id='word_1_196' title='bbox 562 3010 700 3062; x_wconf 81' lang='lat' dir='ltr'><strong>scholion:</strong></span> <span class='ocrx_word' id='word_1_197' title='bbox 718 3010 882 3062; x_wconf 78' lang='lat' dir='ltr'><strong>Palamedes</strong></span> <span class='ocrx_word' id='word_1_198' title='bbox 900 3009 973 3062; x_wconf 85' lang='lat' dir='ltr'><strong>filius</strong></span> <span class='ocrx_word' id='word_1_199' title='bbox 991 3010 1103 3076; x_wconf 86' lang='lat' dir='ltr'><strong>Naupli.</strong></span> 
     </span>
    </p>
   </div>
   <div class='ocr_carea' id='block_1_6' title="bbox 136 3075 1104 3602">
    <p class='ocr_par' dir='ltr' id='par_1_6' title="bbox 137 3075 1104 3278">
     <span class='ocr_line' id='line_1_32' title="bbox 138 3075 1104 3144; baseline 0.004 -18"><span class='ocrx_word' id='word_1_200' title='bbox 138 3078 163 3128; x_wconf 90' lang='lat'><strong>1.</strong></span> <span class='ocrx_word' id='word_1_201' title='bbox 192 3075 305 3128; x_wconf 75' lang='lat' dir='ltr'><strong>Horat:</strong></span> <span class='ocrx_word' id='word_1_202' title='bbox 336 3082 380 3126; x_wconf 88' lang='lat' dir='ltr'><strong>eat</strong></span> <span class='ocrx_word' id='word_1_203' title='bbox 405 3078 438 3131; x_wconf 79' lang='lat' dir='ltr'><strong>A.</strong></span> <span class='ocrx_word' id='word_1_204' title='bbox 463 3078 494 3128; x_wconf 90' lang='lat' dir='ltr'><strong>P.</strong></span> <span class='ocrx_word' id='word_1_205' title='bbox 517 3094 543 3129; x_wconf 88' lang='lat' dir='ltr'><strong>v.</strong></span> <span class='ocrx_word' id='word_1_206' title='bbox 566 3081 624 3130; x_wconf 79' lang='lat'>350.</span> <span class='ocrx_word' id='word_1_207' title='bbox 661 3079 721 3130; x_wconf 85' lang='lat' dir='ltr'><strong>Nec</strong></span> <span class='ocrx_word' id='word_1_208' title='bbox 742 3093 850 3144; x_wconf 86' lang='lat' dir='ltr'><strong>semper</strong></span> <span class='ocrx_word' id='word_1_209' title='bbox 873 3083 927 3128; x_wconf 88' lang='lat' dir='ltr'><strong>etc.</strong></span> <span class='ocrx_word' id='word_1_210' title='bbox 996 3081 1021 3132; x_wconf 81' lang='lat'><strong>2.</strong></span> <span class='ocrx_word' id='word_1_211' title='bbox 1051 3078 1104 3130; x_wconf 83' lang='lat' dir='ltr'><strong>Ou.</strong></span> 
     </span>
     <span class='ocr_line' id='line_1_33' title="bbox 137 3140 446 3208; baseline 0.006 -15"><span class='ocrx_word' id='word_1_212' title='bbox 137 3140 229 3197; x_wconf 81' lang='lat' dir='ltr'><strong>Amor.</strong></span> <span class='ocrx_word' id='word_1_213' title='bbox 247 3142 299 3206; x_wconf 87' lang='grc' dir='ltr'>ΙΙΙ,</span> <span class='ocrx_word' id='word_1_214' title='bbox 318 3145 362 3208; x_wconf 65' lang='lat'><strong>12,</strong></span> <span class='ocrx_word' id='word_1_215' title='bbox 381 3146 413 3195; x_wconf 90' lang='lat'><strong>18</strong></span> <span class='ocrx_word' id='word_1_216' title='bbox 440 3167 446 3176; x_wconf 95' lang='lat'>·</span> 
     </span>
     <span class='ocr_line' id='line_1_34' title="bbox 293 3211 934 3278; baseline 0.008 -17"><span class='ocrx_word' id='word_1_217' title='bbox 293 3211 421 3262; x_wconf 89' lang='lat' dir='ltr'><strong>Phoebus</strong></span> <span class='ocrx_word' id='word_1_218' title='bbox 439 3217 469 3262; x_wconf 91' lang='lat' dir='ltr'><strong>et</strong></span> <span class='ocrx_word' id='word_1_219' title='bbox 486 3214 645 3277; x_wconf 87' lang='lat' dir='ltr'><strong>incoeptum</strong></span> <span class='ocrx_word' id='word_1_220' title='bbox 662 3212 839 3265; x_wconf 80' lang='lat' dir='ltr'><strong>destituisset</strong></span> <span class='ocrx_word' id='word_1_221' title='bbox 855 3227 934 3278; x_wconf 84' lang='lat' dir='ltr'><strong>opus.</strong></span> 
     </span>
    </p>

    <p class='ocr_par' dir='ltr' id='par_1_7' title="bbox 136 3275 1103 3602">
     <span class='ocr_line' id='line_1_35' title="bbox 136 3275 1102 3343; baseline 0.004 -15"><span class='ocrx_word' id='word_1_222' title='bbox 136 3280 163 3330; x_wconf 84' lang='grc'><strong>6.</strong></span> <span class='ocrx_word' id='word_1_223' title='bbox 186 3275 253 3330; x_wconf 78' lang='lat' dir='ltr'><strong>cod.</strong></span> <span class='ocrx_word' id='word_1_224' title='bbox 272 3283 359 3343; x_wconf 85' lang='lat' dir='ltr'><strong>optat.</strong></span> <span class='ocrx_word' id='word_1_225' title='bbox 412 3281 436 3331; x_wconf 78' lang='grc'><strong>7.</strong></span> <span class='ocrx_word' id='word_1_226' title='bbox 463 3279 529 3330; x_wconf 81' lang='lat' dir='ltr'><strong>Ood.</strong></span> <span class='ocrx_word' id='word_1_227' title='bbox 548 3279 650 3331; x_wconf 85' lang='lat' dir='ltr'><strong>Lesbo.</strong></span> <span class='ocrx_word' id='word_1_228' title='bbox 696 3282 738 3331; x_wconf 82' lang='lat'><strong>20.</strong></span> <span class='ocrx_word' id='word_1_229' title='bbox 757 3279 841 3330; x_wconf 83' lang='lat' dir='ltr'><strong>Error</strong></span> <span class='ocrx_word' id='word_1_230' title='bbox 857 3279 981 3342; x_wconf 75' lang='lat' dir='ltr'><strong>Alberti3</strong></span> <span class='ocrx_word' id='word_1_231' title='bbox 1012 3281 1102 3333; x_wconf 84' lang='lat' dir='ltr'><strong>Dares</strong></span> 
     </span>
     <span class='ocr_line' id='line_1_36' title="bbox 138 3343 1101 3412; baseline 0.007 -19"><span class='ocrx_word' id='word_1_232' title='bbox 138 3359 164 3394; x_wconf 92' lang='lat' dir='ltr'><strong>c.</strong></span> <span class='ocrx_word' id='word_1_233' title='bbox 189 3346 220 3393; x_wconf 81' lang='lat'><strong>12</strong></span> <span class='ocrx_word' id='word_1_234' title='bbox 243 3343 324 3407; x_wconf 87' lang='lat' dir='ltr'><strong>dicit,</strong></span> <span class='ocrx_word' id='word_1_235' title='bbox 353 3353 500 3412; x_wconf 86' lang='lat' dir='ltr'><strong>postquam</strong></span> <span class='ocrx_word' id='word_1_236' title='bbox 518 3347 552 3398; x_wconf 90' lang='lat' dir='ltr'><strong>de</strong></span> <span class='ocrx_word' id='word_1_237' title='bbox 572 3345 689 3398; x_wconf 81' lang='lat' dir='ltr'><strong>Castore</strong></span> <span class='ocrx_word' id='word_1_238' title='bbox 707 3352 736 3397; x_wconf 85' lang='lat' dir='ltr'><strong>et</strong></span> <span class='ocrx_word' id='word_1_239' title='bbox 752 3346 869 3398; x_wconf 86' lang='lat' dir='ltr'><strong>Polluce</strong></span> <span class='ocrx_word' id='word_1_240' title='bbox 888 3347 959 3412; x_wconf 80' lang='lat' dir='ltr'><strong>egit,</strong></span> <span class='ocrx_word' id='word_1_241' title='bbox 985 3347 1053 3410; x_wconf 87' lang='lat' dir='ltr'><strong>„bos</strong></span> <span class='ocrx_word' id='word_1_242' title='bbox 1071 3363 1101 3400; x_wconf 87' lang='lat' dir='ltr'><strong>se</strong></span> 
     </span>
     <span class='ocr_line' id='line_1_37' title="bbox 136 3411 1103 3480; baseline 0.003 -18"><span class='ocrx_word' id='word_1_243' title='bbox 136 3411 254 3474; x_wconf 87' lang='lat' dir='ltr'><strong>vidisse,</strong></span> <span class='ocrx_word' id='word_1_244' title='bbox 281 3427 363 3477; x_wconf 90' lang='lat' dir='ltr'><strong>quum</strong></span> <span class='ocrx_word' id='word_1_245' title='bbox 387 3414 517 3464; x_wconf 83' lang='lat' dir='ltr'><strong>induciae</strong></span> <span class='ocrx_word' id='word_1_246' title='bbox 536 3420 644 3476; x_wconf 86' lang='lat' dir='ltr'><strong>essent,</strong></span> <span class='ocrx_word' id='word_1_247' title='bbox 677 3414 777 3480; x_wconf 90' lang='lat' dir='ltr'><strong>partim</strong></span> <span class='ocrx_word' id='word_1_248' title='bbox 795 3415 900 3479; x_wconf 92' lang='lat' dir='ltr'><strong>proelio</strong></span> <span class='ocrx_word' id='word_1_249' title='bbox 922 3415 1103 3465; x_wconf 84' lang='lat' dir='ltr'><strong>interfuisse“</strong></span> 
     </span>
     <span class='ocr_line' id='line_1_38' title="bbox 137 3478 1102 3549; baseline 0.005 -22"><span class='ocrx_word' id='word_1_250' title='bbox 137 3478 188 3528; x_wconf 86' lang='lat' dir='ltr'><strong>aad</strong></span> <span class='ocrx_word' id='word_1_251' title='bbox 205 3479 384 3546; x_wconf 73' lang='lat' dir='ltr'><strong>intelligenda</strong></span> <span class='ocrx_word' id='word_1_252' title='bbox 404 3480 572 3532; x_wconf 78' lang='lat' dir='ltr'><strong>Graecorum</strong></span> <span class='ocrx_word' id='word_1_253' title='bbox 583 3481 820 3546; x_wconf 81' lang='lat' dir='ltr'><strong>Troianorumque</strong></span> <span class='ocrx_word' id='word_1_254' title='bbox 838 3482 932 3545; x_wconf 84' lang='lat' dir='ltr'><strong>duces,</strong></span> <span class='ocrx_word' id='word_1_255' title='bbox 949 3483 1014 3548; x_wconf 87' lang='lat' dir='ltr'><strong>qnia</strong></span> <span class='ocrx_word' id='word_1_256' title='bbox 1026 3483 1102 3549; x_wconf 89' lang='lat' dir='ltr'><strong>prius</strong></span> 
     </span>
     <span class='ocr_line' id='line_1_39' title="bbox 138 3547 1100 3602; baseline 0.005 -7"><span class='ocrx_word' id='word_1_257' title='bbox 138 3561 163 3598; x_wconf 90' lang='lat' dir='ltr'><strong>c.</strong></span> <span class='ocrx_word' id='word_1_258' title='bbox 183 3548 214 3596; x_wconf 89' lang='lat'><strong>11</strong></span> <span class='ocrx_word' id='word_1_259' title='bbox 232 3547 372 3598; x_wconf 86' lang='lat' dir='ltr'><strong>interiisse</strong></span> <span class='ocrx_word' id='word_1_260' title='bbox 385 3547 528 3599; x_wconf 76' lang='lat' dir='ltr'><strong>Castorem</strong></span> <span class='ocrx_word' id='word_1_261' title='bbox 541 3554 570 3600; x_wconf 87' lang='lat' dir='ltr'><strong>et</strong></span> <span class='ocrx_word' id='word_1_262' title='bbox 581 3549 721 3600; x_wconf 85' lang='lat' dir='ltr'><strong>Pollucem</strong></span> <span class='ocrx_word' id='word_1_263' title='bbox 734 3555 802 3600; x_wconf 85' lang='lat' dir='ltr'><strong>ante</strong></span> <span class='ocrx_word' id='word_1_264' title='bbox 814 3549 917 3601; x_wconf 90' lang='lat' dir='ltr'><strong>bellum</strong></span> <span class='ocrx_word' id='word_1_265' title='bbox 928 3555 1100 3602; x_wconf 85' lang='lat' dir='ltr'><strong>narraverat.</strong></span> 
     </span>
    </p>
   </div>
   <div class='ocr_carea' id='block_1_7' title="bbox 0 0 1312 3980">
    <p class='ocr_par' dir='ltr' id='par_1_8' title="bbox 0 0 1312 3980">
     <span class='ocr_line' id='line_1_40' title="bbox 0 0 1312 3980; baseline 0 0"><span class='ocrx_word' id='word_1_266' title='bbox 0 0 1312 3980; x_wconf 95' lang='lat' dir='ltr'><strong> </strong></span> 
     </span>
    </p>
   </div>
  </div>
 </body>
</html>
