2616 3980
452 181 514 232 Lib.
533 180 555 230 I.
592 196 618 235 v.
635 182 780 232 teo—464.

130 334 254 428 Moeu'g
269 351 329 394 non
353 334 446 395 tacuit
468 335 617 411 irrumpta
639 335 779 412 virosque
802 340 963 419 peremtus,

173 419 211 480 Et
232 418 384 488 reddatur,
409 419 456 486 ait,
481 425 567 497 rapta
590 415 687 498 puella
710 419 791 479 mihi.
896 457 900 465 -

132 501 256 564 Obrivet
277 502 417 582 precibus
440 520 538 571 aures,
563 503 752 581 retinentque
774 520 909 564 sororem

174 586 277 648 Cetera
301 604 368 648 cum
390 585 525 648 lacerent
545 587 601 648 hae
623 587 767 648 redeunte
789 588 896 649 locum.

130 670 224 732 lmmo
246 673 429 738 remiserunt
450 670 639 740 inhonorum,
664 680 787 750 propter
808 672 931 733 honoris

174 750 232 826 Qui
254 757 311 817 luit
334 762 363 816 et
384 757 466 834 pacis
486 756 594 817 nuncia
616 755 725 816 missus
747 757 800 816 eis.

130 837 243 919 Turpia
266 858 340 918 quae
363 840 465 901 tulerit
487 840 617 901 convicia
640 840 741 900 dicere
763 839 841 914 nolo,

174 922 211 984 Et
232 922 310 1003 quod
334 924 371 984 de
394 922 508 984 loribus
530 923 611 985 huno
633 923 773 1003 repulere
795 925 865 986 suis.

129 1007 224 1079 Dicas,
249 1010 398 1070 Antenor!
421 1015 472 1069 tua
494 1010 554 1070 fine
575 1009 692 1086 negotia
715 1007 794 1087 quali

173 1090 329 1163 Clauseris,
352 1101 386 1154 ut
408 1101 524 1154 constet
547 1090 687 1154 omnibus
708 1095 765 1154 iste
787 1089 881 1155 stilus.

128 1175 238 1254 Incipit
258 1180 392 1239 Antenor
414 1177 557 1254 quaedam
582 1177 719 1246 recitare,
743 1195 798 1256 per
819 1176 869 1237 illa

173 1261 234 1322 lam
258 1259 370 1322 dudum
394 1261 609 1340 fuerantquae
632 1260 787 1323 sibilante
811 1263 887 1324 loca.

127 1344 236 1406 Indicit
257 1344 404 1426 Hesynem
428 1346 506 1425 quod
529 1344 643 1406 nollent
664 1346 801 1417 reddere,
825 1346 945 1409 demum

172 1429 205 1490 ln
228 1429 359 1490 medium
382 1433 505 1491 veniunt
525 1428 645 1510 probra,
669 1430 795 1510 repulsa,
819 1433 925 1493 minae.

107 1513 257 1594 'Subjicit
277 1513 434 1584 hortando,
457 1523 490 1575 ut
513 1532 544 1574 se
568 1514 689 1576 robusta
712 1518 847 1577 iuventas

173 1597 307 1660 Vindicet
329 1606 358 1659 et
381 1599 511 1660 Graecos
533 1599 624 1678 TroJ'a
647 1617 791 1661 mucrone
814 1600 919 1662 domus

242 1761 412 1818 PANTHUS
430 1760 635 1816 DISSUADE'I'
654 1762 805 1818 RAPTUM
821 1717 977 1821 HnLdNE.

128 1866 262 1929 Panthus
285 1869 333 1929 cui
356 1869 473 1944 genitor
495 1857 685 1944 Euphorbius
708 1869 826 1944 agmine
848 1870 926 1932 lacto

170 1951 205 2013 ln
227 1952 328 2014 medio
351 1955 450 2030 coepit
472 1953 600 2029 agminis
621 1953 677 2013 ista
699 1950 791 2032 loqui.

129 2035 180 2097 Sic
203 2039 325 2101 memini
348 2036 459 2097 dixisse
483 2044 606 2122 patrem,
631 2055 698 2097 nam
721 2037 849 2116 plurima
871 2041 955 2101 novit

173 2121 304 2200 lienique
327 2121 477 2201 praedixit
499 2138 588 2200 saepe
609 2121 708 2182 lutura
730 2123 814 2184 mihi.

128 2205 208 2268 Utile
231 2204 387 2267 consilium
412 2224 478 2265 non¹
494 2206 627 2275 aestimo,
652 2209 677 2266 si
701 2207 856 2268 mulierem

172 2289 354 2351 Graecorum
378 2287 467 2350 ducat
490 2308 506 2350 e
528 2292 652 2366 regione
674 2290 769 2353 Paris.

128 2374 161 2435 Si
184 2393 234 2434 res
257 2375 363 2435 ellectu
386 2373 550 2445 claudetur,
575 2373 663 2452 Troja
686 2375 806 2455 peribit,

174 2458 267 2530 Quam
290 2459 379 2519 modo
401 2469 483 2520 terra
506 2468 599 2534 tenet,
623 2477 733 2538 pascua
756 2459 854 2522 bubus
877 2464 941 2523 erit.

127 2542 195 2604 Otia
217 2544 326 2603 sectari
347 2542 507 2622 pulchrum
529 2545 623 2620 magis
645 2545 768 2604 aestimo
790 2544 877 2616 liber,

172 2625 267 2698 Quam
290 2644 322 2687 se
344 2629 465 2688 servitio
487 2633 567 2687 mota
589 2643 644 2707 per
666 2645 748 2690 arma
770 2628 870 2690 darer.
1044 2641 1097 2692 460

130 2710 235 2772 Tutius
259 2719 304 2771 est
325 2709 453 2773 iacuisse
477 2710 572 2786 thoro,
596 2713 729 2773 tenuisse
751 2713 892 2776 choream

170 2794 320 2856 Treiciam
342 2795 444 2874 digitis
465 2797 653 2873 increpuisse
676 2795 778 2878 lyram,

127 2878 223 2950 Quam
245 2878 383 2941 manibus
407 2880 520 2960 clipeos
543 2887 573 2940 et
594 2889 697 2942 acutae
719 2881 853 2958 cuspidis
875 2883 988 2945 hastam

171 2964 208 3026 Et
230 2962 344 3042 galeam
366 2982 470 3043 pressa
493 2965 668 3026 sustinuisse
690 2983 784 3027 coma.

194 3132 253 3182 437.
283 3131 392 3184 obrivet
420 3148 455 3183 ex
480 3133 604 3198 margine
627 3149 676 3199 pro
701 3133 820 3185 codicis:
848 3133 966 3186 obbtret.
1035 3138 1094 3190 438.

125 3197 215 3264 Merg.
232 3199 285 3251 hec
302 3200 435 3251 redeunte
453 3199 544 3250 locum
563 3216 618 3252 non
636 3200 744 3256 bellum.
763 3217 813 3267 pro
825 3201 877 3252 hac
890 3201 1027 3254 redeunde
1040 3203 1094 3257 loc.

124 3268 185 3318 441.
207 3283 220 3316 e
240 3269 362 3333 margine
382 3284 430 3334 pro
450 3267 584 3332 conjurie.
654 3271 713 3320 449.
732 3269 799 3322 Mne.
812 3269 954 3321 Horteudo
972 3269 1095 3336 subjicit.

123 3335 183 3387 461.
201 3333 381 3400 Euphorbus,
401 3351 480 3401 quem
499 3341 593 3388 noster
610 3336 785 3402 Euphorbius
803 3338 927 3389 nominet
945 3354 1000 3389 non
1015 3343 1096 3405 peter

125 3401 175 3453 sed
192 3398 266 3452 filius
285 3399 386 3454 Panthi
410 3404 470 3454 luit.
539 3405 598 3455 460.
618 3420 633 3454 e
651 3406 777 3469 margine
794 3421 843 3471 pro
861 3407 894 3462 si.
964 3407 1093 3460 ecl-ct.

124 3468 222 3522 Ovidii
238 3469 331 3521 herod.
350 3471 401 3537 ΙΙΙ,
422 3473 555 3522 tlt-120
573 3471 736 3537 deprompti,
