2616 3980
150 173 154 180 ’
195 195 220 240 x
590 180 755 231 Praefatio.
865 163 870 170 ⁶

217 332 295 406 „Sed
318 332 439 410 Phrygii
463 339 544 392 tenet
566 332 721 393 historiam
745 332 822 396 liber
844 338 900 397 iste
922 337 1047 408 Daretis,

259 419 316 490 Qui
339 425 458 495 praetor
480 434 582 476 verum
604 418 752 496 scriptitat
772 419 843 480 inde
865 420 949 483 nibil.

217 504 303 566 Hunc
326 517 437 580 sequor
459 509 537 561 eto.“
705 555 710 567 ,
785 565 788 578 ,

196 597 226 649 et
247 588 298 649 lib.
321 584 369 646 Vl.
390 604 416 645 v.
440 581 502 647 697
517 604 580 666 sqq.
966 583 987 620 ⁹

217 670 324 742 „Nulla
346 680 505 749 poetarum
527 673 627 750 posuit
649 673 797 749 figmenta,
821 672 939 735 Daretis

259 756 420 817 Historiam
442 754 522 815 soliti
544 755 688 827 scribere,
712 771 780 817 vera
803 766 945 818 teneus·
972 827 975 831 ,

218 841 255 902 Et
275 840 424 920 Phrygius
445 839 504 900 luit
525 839 574 901 ille
596 840 698 910 Dares,
723 851 753 902 et
775 851 909 921 tempore
930 841 1000 905 belli

258 926 324 1002 lpse
346 922 466 1004 quidem
490 922 576 985 miles
597 924 713 1001 proelia
735 928 796 986 visa
818 928 942 988 reiert⁴‘.

280 1010 338 1071 Sed
372 1009 559 1069 narrationes
591 1016 620 1069 et
653 1009 847 1071 allocutiones
883 1029 966 1072 more
1003 1022 1160 1092 poetarum

195 1096 395 1161 intercalavit,
429 1111 505 1171 quae
537 1113 560 1171 a
582 1095 706 1154 veritate
739 1113 799 1156 non
828 1095 999 1175 discrepare
1032 1102 1061 1157 et
1092 1117 1161 1158 cum

196 1179 304 1241 Dareta
328 1179 393 1258 (cir.
416 1177 467 1238 lib.
491 1176 538 1238 lll.
558 1197 583 1238 v.
604 1175 665 1244 241
682 1178 755 1258 sqq.)
780 1197 946 1257 congruere
969 1180 1160 1243 videbantur:

217 1264 323 1334 „Hunc
360 1263 519 1340 (Daretem)
555 1281 666 1342 sequor
702 1263 841 1324 adhibitis
881 1265 1031 1326 interdum
1069 1267 1161 1327 verba

645 1366 775 1409 virorum

259 1432 377 1502 Quaeve
400 1429 597 1511 loquebantur
620 1431 665 1491 vel
688 1440 812 1511 potuere
835 1431 927 1514 loqui.

218 1517 347 1577 Ponatur
371 1514 450 1596 quod
474 1521 505 1576 et
527 1514 558 1574 hi
580 1533 639 1576 nou
663 1519 724 1577 sint
747 1536 780 1578 ea
803 1519 880 1578 forte
902 1517 1003 1589 locuti,

260 1601 372 1662 Causae
395 1600 561 1680 praesentis
583 1610 654 1660 sunt
674 1609 775 1662 tamen
797 1610 863 1681 apta
886 1605 963 1664 rei“.

280 1685 435 1764 Virgilium
469 1691 499 1744 et
531 1683 694 1745 Homerum
723 1685 914 1748 vehementer
948 1687 986 1748 ob
1017 1688 1161 1754 fictiones,

145 1794 148 1798 ’
196 1779 228 1832 ut
251 1772 341 1832 etiarn
373 1769 472 1850 Dictys
500 1776 529 1829 et
551 1769 648 1830 Guido
677 1769 714 1829 de
738 1768 879 1832 Columna
907 1771 1051 1840 fecerant,
1087 1774 1161 1832 vitu·
1298 1795 1301 1818 ⁴

198 1862 297 1936 perat,
326 1856 358 1915 id
380 1855 459 1934 quod
488 1852 570 1915 locus
592 1853 645 1925 lib.
669 1853 709 1914 lll
731 1874 757 1914 v.
781 1852 854 1917 217.
877 1851 940 1920 227
955 1875 1020 1936 sqq.
1044 1855 1080 1916 de
1103 1856 1161 1916 Do·
1237 1887 1240 1894 v

195 1938 264 2000 lone
287 1947 316 1999 et
338 1939 429 2000 Rhesi
452 1940 535 2018 equis
557 1941 629 1999 satis
652 1939 748 2008 docet,
771 1938 821 2000 ubi
844 1939 928 2000 dicit:

219 2023 395 2105 „Trojanos
421 2041 496 2099 quos
518 2022 694 2101 prodiderit,
718 2026 861 2085 mentitur
884 2023 1054 2086 Homerns“

217 2107 300 2179 „llos
322 2107 456 2187 rapuisse
480 2105 577 2174 simul,
601 2125 676 2186 quos
698 2106 779 2166 nulla
803 2110 904 2186 perire
927 2110 1031 2185 sagitta

261 2193 363 2252 Posset
385 2187 550 2268 nubigenas
572 2190 620 2250 bic
644 2193 820 2250 memoravit
842 2208 967 2274 equos..

221 2274 407 2338 Crediderim
431 2276 473 2334 sic
496 2275 625 2334 dicentii
648 2275 714 2356 quis
737 2275 815 2335 nube
838 2282 953 2336 creatos
1079 2267 1083 2276 ’

260 2363 283 2420 Α
305 2361 404 2438 primo
427 2357 530 2418 mundi
552 2365 687 2438 tempore
711 2359 783 2419 vidit
805 2360 917 2439 equos?

219 2445 283 2506 Non
307 2445 416 2504 miror!
441 2441 552 2522 majora
574 2451 674 2504 movet
695 2444 849 2503 mendacia
870 2443 960 2514 bello,

261 2533 312 2592 lsti
336 2548 426 2609 quum
449 2527 524 2588 duos
546 2535 649 2588 narrat
669 2528 772 2588 adesse
795 2528 875 2589 deos.

219 2618 277 2678 Pro
299 2614 402 2677 Pelide
425 2613 536 2680 Thetis,
559 2630 614 2692 pro
636 2613 758 2674 Graecis
781 2613 859 2673 luno
874 2616 993 2675 'fatetur

261 2701 298 2761 Et
320 2699 396 2779 quod
421 2715 476 2778 pro
497 2695 605 2757 Paride
628 2699 754 2758 moverit
776 2715 857 2756 arma
881 2697 988 2758 Venus.

220 2787 378 2847 Praeterea
401 2788 485 2843 recto
507 2799 568 2842 non
591 2783 700 2842 cecinit
722 2782 826 2842 ordine
851 2780 960 2843 bellum

264 2872 320 2950 dut
341 2887 357 2928 a
381 2865 534 2937 militibus
558 2867 609 2944 qui
631 2867 775 2936 cecidere,
800 2865 915 2945 quibus.

220 2954 302 3015 Hanc
325 2970 442 3032 quoque
465 2952 618 3012 materiam
642 2951 779 3028 figmenta
801 2952 916 3026 poetica
940 2949 1049 3012 nebant

264 3037 346 3097 Sicut
367 3036 508 3113 Virgilius
531 3053 614 3095 arma
637 3037 792 3115 virumque
815 3045 957 3096 oanens“.

284 3121 491 3190 Narrationes,
521 3139 594 3199 quas
616 3118 755 3181 ilbertus
782 3117 939 3180 intercalat
960 3118 1076 3187 Dareti,
1107 3118 1163 3178 hae

199 3215 282 3267 sunt:
321 3208 559 3283 Argonautarum
592 3205 743 3280 migratio,
774 3205 890 3264 tasonis
919 3205 994 3263 lacta
1028 3201 1161 3270 heroica,
1200 3229 1205 3236 ·

201 3289 337 3367 dialogus
360 3292 439 3350 inter
460 3289 597 3350 Paridem
621 3300 651 3348 et
672 3288 825 3358 Helenam,
848 3288 961 3348 reditus
980 3286 1162 3348 Graecorum

206 3373 377 3454 (secundum
401 3373 524 3454 Dictym)
549 3382 578 3433 et
605 3372 660 3433 alia
690 3390 764 3451 quae
794 3382 892 3432 tamen
915 3374 999 3450 parvi
1020 3373 1163 3433 momenti

200 3467 279 3520 stant.
318 3458 409 3519 Libro
433 3461 546 3535 quinto,
570 3457 619 3518 uhi
636 3456 821 3518 Penthesilea
838 3454 958 3534 Trojam
982 3457 1068 3526 venit,
1092 3472 1162 3532 pro-
