2618 3984
193 205 236 270 το
513 207 575 262 nra.
595 209 646 260 111.
682 225 708 263 v.
727 189 836 266 ac-a's.

238 360 380 421 lloemina
403 361 572 441 praecipue,
596 377 671 441 quae
693 361 901 441 prohibentur,
926 370 1000 424 avet.

199 443 266 504 Nun
289 463 322 506 es
343 443 520 514 Alexander,
543 445 652 506 Priami
674 446 875 524 pulcherrima
898 445 1007 527 proles,

241 528 380 590 Territus
404 529 450 589 his
473 547 530 590 una
553 547 607 610 pro
631 529 756 591 muliere
779 531 878 600 malis;

195 614 263 676 Una
286 631 342 674 nec
364 615 452 674 unius
475 621 529 684 est,
553 615 601 674 cui
623 631 682 675 nou
706 616 816 677 scilicit
838 634 926 686 unus,

239 695 380 759 Pluribus
403 701 433 759 in
456 699 515 759 vita
537 717 596 760 nun
620 706 702 760 caret
724 718 783 762 una
805 707 885 762 nota.

195 785 272 846 Arar
295 800 396 844 amore
417 783 470 852 tui,
493 785 537 842 sic
560 792 591 844 et
610 783 765 844 Menelaon
788 786 892 855 amavi,

237 867 371 929 Theseus
393 869 464 929 huic
486 876 571 948 pater
593 866 695 928 oscula
718 877 823 948 quarta
846 868 940 930 dedit.

35 963 38 972 ’
125 955 131 960 ’
196 955 246 1014 Sic
268 951 345 1014 facie
367 955 501 1029 quamvis
522 953 657 1030 insignis,
682 952 816 1014 adultera
839 961 922 1014 certe
945 959 998 1028 est,

238 1038 332 1098 Laesa
353 1036 503 1116 pudicitia,
527 1036 644 1118 deperit
665 1037 713 1097 illa
737 1039 838 1099 semel.

195 1122 308 1182 Insanit
329 1129 411 1182 tutus
432 1127 557 1202 propter
578 1128 617 1189 te,
640 1120 764 1190 lubrice,
788 1123 932 1192 mundus;

238 1207 333 1267 Causa
354 1205 493 1283 pudenda
516 1215 566 1267 tua
589 1214 642 1276 est
664 1204 741 1285 justa
765 1209 808 1267 vir
830 1216 1040 1286 armamevet.

92 1285 93 1290 ’
120 1289 121 1292 ’
196 1291 242 1351 Sis
265 1291 326 1351 voti
348 1306 480 1371 compos,
502 1307 558 1367 per
579 1297 608 1350 te
630 1292 775 1353 moriatur
797 1293 923 1360 Atrides,

239 1375 364 1436 Graecia
386 1374 433 1436 vel
455 1375 567 1444 redeat,
589 1376 635 1436 vel
658 1383 797 1456 superata
820 1377 921 1449 cadat;

196 1457 257 1519 Sub
281 1458 400 1521 domina
422 1461 582 1521 meretrice
605 1461 693 1522 sedes
715 1479 841 1523 vesanus
864 1469 894 1522 et
916 1478 1022 1523 excors

238 1541 329 1604 Fuedi
351 1543 419 1604 tabe
442 1545 524 1605 canis
545 1544 592 1606 rel
614 1561 699 1623 mage
720 1545 811 1606 sorde
833 1547 905 1607 suis.

196 1627 346 1697 Foemina
370 1645 446 1707 quae
468 1627 552 1699 fallit,
576 1629 712 1708 exemplo
735 1629 830 1690 discat
851 1633 882 1690 in
905 1632 971 1700 iste,

236 1712 415 1774 Foemineae
436 1711 506 1774 fidei
530 1731 589 1774 non
613 1714 758 1777 adhihere
778 1715 877 1784 fidem.

380 1909 527 1965 manua
545 1909 713 1966 ranrnuu
730 1889 973 1976 accedamus.

194 2031 254 2093 Pro
276 2033 377 2094 reditu
397 2032 525 2096 laetatur
546 2033 671 2103 adulter,
696 2033 831 2096 adultera
853 2053 923 2096 vero

240 2117 291 2178 Est
312 2136 368 2197 pro
390 2125 529 2197 suscepto
551 2121 662 2198 sospite
684 2119 761 2180 laeta
784 2121 856 2180 viro.

188 2199 257 2268 ,Hoc
280 2201 383 2262 modo:
408 2220 426 2261 ο
446 2201 578 2282 juvenis!
601 2219 624 2261 ο-
642 2202 841 2264 delectissime
864 2203 963 2264 miles!
1030 2237 1031 2244 κ

213 2350 215 2353 ,
239 2283 477 2355 Quomcdntam
499 2292 619 2366 poteras
641 2289 799 2350 immemor
821 2306 886 2349 esse
908 2289 988 2349 mei?

201 2368 276 2443 Vidi,
299 2372 439 2448 pertimui
461 2371 539 2451 quud
563 2381 628 2434 erat
649 2380 710 2433 tam
732 2380 868 2452 tempere
890 2371 979 2450 lango
1079 2407 1080 2412 κ
1129 2381 1164 2430 35

239 2453 381 2533 Conjugis
403 2457 515 2536 antiqui
537 2455 640 2517 dextra
663 2459 805 2534 magistra
828 2459 880 2519 tui.

265 2690 306 2738 14.
337 2691 469 2754 marginis
488 2690 619 2746 scholion.
638 2705 682 2740 ar.
702 2692 788 2757 eupit.
858 2694 898 2743 18.
924 2691 1082 2756 emargine
1100 2706 1166 2756 pro:

197 2757 225 2806 in
244 2757 303 2806 nita
321 2771 376 2806 non
393 2761 471 2807 caret
487 2757 549 2808 ima.
622 2760 662 2810 19.
681 2760 771 2808 amavi
789 2774 838 2824 pro
857 2760 969 2810 amavit.
992 2757 1098 2810 Versus
1111 2757 1166 2812 Or.

198 2825 262 2874 Her.
281 2825 313 2874 V.
335 2825 393 2875 105.
429 2825 516 2876 Ardet
534 2841 626 2876 amore
644 2826 695 2889 tui,
714 2827 753 2877 sic
773 2835 801 2875 et
818 2825 964 2877 Menelaon
982 2825 1094 2876 amavit.

195 2895 237 2944 21.
257 2891 338 2942 Ovid.
362 2893 427 2944 Her.
452 2893 485 2942 V.
505 2895 562 2945 125.
631 2896 674 2946 22.
692 2895 734 2944 Ex
757 2893 839 2946 ovid.
861 2895 928 2949 Her.
946 2893 979 2944 V.
998 2895 1060 2945 104:
1086 2892 1166 2946 laesa

195 2958 332 3023 pudicitia
350 2964 400 3024 est,
418 2959 445 3010 d.
464 2961 483 3013 i.
497 2960 580 3011 semel
593 2961 732 3024 posuimus
743 2977 792 3024 pro
805 2962 893 3012 nostri
906 2966 1002 3012 semet.
1053 2963 1095 3015 24.
1111 2959 1164 3011 0v.

195 3027 260 3083 Her.
279 3029 314 3089 V,
332 3028 373 3078 98.
442 3029 484 3079 30.
504 3027 636 3079 alluditur
653 3027 756 3079 Avieni
773 3030 796 3090 1,
816 3031 863 3080 16.·

363 3095 540 3146 Foeminaam
558 3096 684 3161 quisquis
703 3096 818 3148 eredidit
837 3111 897 3148 essa
914 3095 1000 3146 fidem.

194 3160 299 3212 Alanus
315 3161 439 3228 parabol.
453 3164 494 3214 16.
513 3179 586 3225 „non
605 3165 688 3214 estin
704 3162 913 3218 muliere-,fided‘
927 3169 955 3215 et
966 3163 1040 3229 apud
1048 3164 1164 3214 Patron:

362 3230 488 3296 Namque
506 3235 547 3280 est
564 3230 696 3281 foeminea
714 3233 801 3282 tutior
818 3231 893 3282 unda
911 3231 970 3282 lide.

194 3298 237 3346 31.
257 3295 439 3348 conferendus
451 3298 622 3363 Epitomator
639 3314 665 3350 v.
679 3301 729 3350 320
741 3313 801 3364 sqq.
821 3300 867 3365 qni
884 3299 983 3351 iisdem
1001 3298 1060 3350 iere
1079 3313 1166 3348 voea-

195 3361 270 3413 bulis
291 3377 360 3415 usus
383 3371 435 3416 est.
504 3367 545 3416 34.
564 3365 615 3416 Ov.
634 3367 700 3416 Her.
720 3367 777 3423 XV,
800 3368 846 3417 106
870 3371 899 3416 ut
917 3366 1004 3416 nolles
1022 3367 1167 3416 immemor

196 3444 258 3481 esse
275 3432 353 3482 mei..
392 3433 434 3485 36.
454 3431 581 3498 conjugis
599 3434 706 3498 antiqui
723 3434 800 3498 virg.
819 3437 887 3483 Aen.
900 3433 948 3496 IV,
965 3433 1024 3484 468.
1043 3433 1169 3497 Epitcm.

2 3569 4 3584 y
94 3497 254 3547 W321.
