2616 4000
213 235 273 298 178
510 239 572 306 Lib.
593 241 639 293 v1.
659 255 703 289 iv.
720 241 865 291 aer-eeo,
952 297 955 314 Ι
1051 225 1057 234 “

210 387 253 450 Ad
276 391 393 466 signum
416 409 467 450 sua
490 408 581 469 seque
604 401 718 469 parant,
742 399 920 469 tempusque
942 389 1101 471 locumque

254 473 426 541 Observant,
451 472 542 535 fortes
565 493 647 534 arma
671 473 772 534 subire
795 484 909 534 vocant.

211 558 342 638 Tempus
365 565 429 618 erat
451 556 570 618 dubiam
593 577 704 636 cogens
726 560 898 634 nigrescere
920 559 1026 630 lucem,

254 641 308 702 Cui
324 659 420 720 neque
436 642 485 702 lux
498 660 594 721 neque
608 661 667 702 nor
680 651 737 712 est
746 643 797 702 sed
811 651 972 724 utrumque
984 661 1102 722 parens.
1127 653 1182 702 340

212 724 278 786 Non
301 725 351 786 dat
373 725 469 786 adhuc
491 725 588 788 claves
603 725 776 788 custodibus
791 726 1030 806 Amphimachus
1054 727 1107 788 sed

255 810 293 870 Se
316 827 410 890 penes
432 810 486 870 has
508 808 621 878 habuit,
645 816 746 890 postea
770 829 840 871 vero
863 811 952 871 dedit.

212 894 314 954 Claves
336 895 468 954 Antenor
491 893 742 972 Anchisiadesque
765 893 905 964 tulerunt,

254 978 313 1038 iles
336 997 369 1038 ea
392 994 515 1056 prorsus
538 985 602 1038 erat
623 979 790 1055 suspicione
814 997 928 1040 carens.
1131 1051 1136 1056 ¹

211 1062 254 1123 Ad
279 1079 395 1122 murum
420 1067 532 1140 portae,
556 1071 674 1122 carnum
697 1062 806 1142 quihus
830 1081 894 1124 esse
919 1061 1063 1132 volebant,
1129 1071 1181 1122 345

254 1145 421 1215 Adducunt,
445 1163 549 1206 murus
569 1153 602 1206 ut
623 1152 741 1206 tueatur
764 1164 808 1206 eo.

211 1231 248 1290 Et
269 1231 368 1290 statim
391 1237 475 1307 porta
499 1229 685 1291 succendunt
705 1229 806 1291 lumen
828 1241 941 1309 aperta,

254 1313 388 1375 Gaudent
410 1313 447 1372 ad
470 1312 591 1374 rutilam
613 1313 719 1374 Dorica
743 1322 838 1375 castra
862 1317 971 1385 lacem;

214 1399 349 1459 Luminis
371 1397 406 1457 ad
430 1396 545 1457 radium
570 1416 602 1458 se
624 1398 766 1458 transfert
788 1397 858 1459 ilico
880 1399 1022 1478 Pyrrhus.

244 1481 308 1558 *Vir
332 1480 408 1540 hene
431 1484 597 1558 contigerat
619 1481 773 1559 Pergama,
796 1491 881 1561 porta
903 1489 994 1560 patet.
1128 1492 1182 1541 350

212 1568 279 1626 hlox
301 1575 485 1625 reseratores
507 1583 560 1645 pro
583 1568 808 1626 conservamine
831 1585 947 1627 ramum

255 1653 278 1710 A
300 1647 415 1730 Pyrrho
437 1650 518 1727 pacis
540 1649 742 1729 praesidiique
765 1651 875 1711 lerunt.

212 1733 251 1794 Se
273 1751 469 1813 quaecunque
492 1732 597 1794 domus
618 1735 703 1811 signo
725 1736 900 1794 tristaverat
921 1734 992 1801 isto;

259 1817 389 1896 Pyrrhus
411 1818 468 1886 ait;
491 1816 572 1878 nulla
593 1835 648 1898 per
670 1825 848 1879 nocumenta
872 1817 965 1888 cadet,

214 1904 271 1962 Vos
292 1903 385 1978 igitm·
408 1907 503 1961 vestra
527 1909 700 1982 vestrosque
723 1904 860 1980 reponite
883 1909 945 1961 tuto
1128 1909 1180 1960 355

257 1986 295 2046 Ut
318 2004 368 2046 vos
391 1994 547 2047 conservet
570 1987 665 2064 pactio
688 1988 764 2046 lacte
788 1985 861 2045 loco.

439 2165 733 2236 [conraurunrro
752 2163 951 2234 aueuonrs]
1003 2149 1022 2176 ⁴¹

214 2286 300 2354 Urbs,
323 2287 415 2367 stylus
439 2297 600 2348 extremam
625 2286 708 2365 cujus
729 2285 789 2366 jam
812 2288 959 2366 scriptitat
980 2285 1095 2357 horam,

256 2374 315 2432 Arx
336 2387 451 2448 regum,
475 2388 635 2449 procerum
657 2389 732 2450 quae
755 2369 813 2431 luit
835 2379 923 2450 atque
946 2370 1065 2440 ducum,
1105 2381 1109 2384 ·

214 2455 310 2525 Quam
333 2457 408 2516 situs
429 2455 494 2533 ipse
516 2455 584 2524 loci,
608 2471 697 2532 quam
719 2463 821 2516 rerum
844 2457 928 2534 copia
951 2453 1068 2532 major
1108 2487 1111 2494 ·

261 2537 382 2608 Extulit,
405 2546 493 2618 atque
516 2537 658 2617 frequens
681 2557 784 2600 rumor
806 2538 843 2599 ad
865 2547 942 2600 astra
966 2537 1051 2599 tuittt
1129 2548 1183 2596 360

215 2624 295 2684 Haec
317 2621 415 2702 ajunt,
439 2622 519 2702 quod
542 2621 597 2684 suh
620 2622 767 2684 Abraham
790 2630 973 2692 constructa,
996 2620 1051 2684 sed
1072 2621 1181 2682 Abdon

260 2707 306 2768 Sit
327 2706 407 2788 quod
429 2705 485 2768 sub
508 2714 611 2768 nostro
631 2705 731 2784 judice
753 2715 843 2768 strata
865 2705 939 2776 solo,

110 2807 116 2816 ·
216 2791 253 2850 Et
275 2797 345 2851 stant
366 2791 418 2869 qui
440 2792 540 2852 dicant
561 2790 638 2851 hanc
660 2791 826 2852 surrexisse
847 2789 903 2850 suh
926 2788 1021 2857 Aioth‚

257 2875 312 2946 Qui
337 2876 478 2954 pinguem
501 2874 595 2937 valido
619 2873 740 2935 vulnere
761 2875 824 2936 fixit
845 2872 953 2950 Eglom

215 2960 252 3020 Et
273 2961 398 3020 lortasse
413 2957 516 3036 legens
538 2959 581 3020 sic
603 2959 690 3029 dicet,
714 2958 769 3019 cur
790 2957 856 3018 tulit
877 2965 982 3020 auctor
1124 2966 1177 3016 365

258 3044 291 3103 ln
314 3059 460 3103 cameram
483 3043 573 3104 studii
596 3043 702 3112 Troica
725 3041 801 3102 helia
824 3041 898 3101 sibit

283 3248 341 3297 339.
360 3247 400 3297 40.
420 3243 542 3296 Gualtar.
559 3243 638 3295 Alex.
656 3243 707 3305 111,
725 3245 783 3294 463.
803 3244 836 3293 64

213 3325 217 3333 ·
283 3314 400 3378 Tempus
419 3316 479 3362 eret
496 3311 609 3362 dubiem
627 3325 729 3376 cogens
747 3308 901 3376 pallescere
919 3309 1018 3371 lucem,

284 3379 336 3430 Oui
352 3395 441 3444 neque
460 3377 506 3428 lux
523 3393 612 3444 neque
630 3393 685 3429 nox
702 3378 819 3444 imponit
836 3391 934 3428 nomen
951 3381 1105 3440 utrumque.

215 3449 273 3499 340.
292 3445 378 3497 schol.
399 3445 598 3510 crepusculum.
639 3448 698 3498 362.
715 3458 822 3510 margo:
841 3448 937 3496 noster
948 3443 1018 3494 dicit
1029 3442 1103 3506 quod
1114 3448 1184 3492 tem-

216 3515 329 3579 poribus
344 3511 468 3578 judicum
481 3527 564 3576 quum
582 3516 656 3564 esset
667 3512 764 3563 Abdon
779 3509 867 3576 judex
880 3512 1022 3562 destructa
1032 3515 1075 3560 ost
1087 3509 1182 3576 Trojtt.
