2616 4000
507 823 800 897 HILDEBERTI

319 987 494 1054 ‘VERSUS
516 989 577 1052 Du
599 989 780 1056 uxorum
803 975 978 1055 TROIAE.

171 1177 296 1248 Divitiis,
318 1195 423 1256 regno,
446 1180 557 1256 speeie,
580 1179 707 1247 uirtute,v
722 1178 892 1258 triumphis,

213 1262 277 1324 Rex
299 1261 435 1322 Priamus
458 1261 537 1322 clara
561 1261 658 1322 clarus
679 1264 710 1322 iu
733 1263 807 1323 urbe
830 1265 896 1324 suit.

170 1347 246 1407 Dum
268 1365 330 1415 rex,
355 1346 425 1407 dum
447 1364 598 1425 proceres,
621 1347 691 1408 dum
715 1355 829 1408 starent
850 1349 993 1426 Pergama
1017 1350 1115 1428 Troja,

214 1429 294 1501 Quae
317 1431 417 1501 decus,
442 1438 471 1490 et
493 1433 606 1512 speeies
630 1441 659 1492 et
682 1440 771 1511 caput
791 1432 874 1493 urhis
897 1443 970 1494 erat.

168 1515 232 1575 Rex
256 1514 408 1577 Hecubam
432 1517 517 1577 duxit
538 1519 647 1578 sociam
671 1516 728 1576 sibi
751 1514 912 1586 nobilitate,
1119 1530 1134 1577 ε)

211 1601 369 1679 auspiciis,
393 1600 497 1668 lerina,
522 1601 623 1670 rebus,
647 1618 747 1660 amore
771 1609 867 1661 trono.

169 1683 213 1744 Ex
236 1684 292 1744 hae
315 1685 446 1763 suscepit
468 1693 564 1744 nates.
604 1685 675 1744 Erat
697 1683 808 1744 Hector
830 1687 859 1744 in
883 1683 943 1745 illis

213 1769 364 1837 Summus,
388 1775 418 1827 et
439 1769 469 1828 in
494 1767 572 1828 bello
596 1767 730 1828 fulminis
752 1770 845 1829 instar
869 1767 992 1831 habens.

170 1851 243 1914 Plus
265 1855 349 1914 lerus
370 1850 420 1912 ille
443 1853 516 1921 iero,
540 1853 607 1931 plus
630 1870 709 1921 urso,
733 1853 837 1931 plusve
860 1853 961 1932 leone3

214 1937 263 1997 Sic
277 1937 343 2018 *luit
365 1936 476 2016 absque
498 1937 562 1996 fere
584 1936 653 2014 plus
675 1936 755 1997 serus
778 1936 827 1999 ille
850 1941 933 2000 ieris.
1103 1951 1135 1998 10

171 2022 346 2083 Olaustum
371 2023 463 2082 natis!
486 2041 503 2080 u
528 2022 653 2082 faustum
678 2021 804 2101 cunjuge
826 2024 941 2100 regem!
1022 2059 1026 2067 ·

212 2106 243 2166 Si
266 2107 379 2186 pariter
401 2106 536 2167 Paridem
560 2123 619 2166 nun
642 2109 809 2186 peperisset
831 2110 867 2167 ei.

168 2191 234 2251 Nun
258 2194 290 2252 in
313 2210 350 2252 en
371 2192 489 2269 peperit
510 2193 628 2269 pignus,
653 2192 704 2252 sed
727 2191 795 2262 tela,
819 2191 870 2252 sed
893 2192 985 2269 ignes,

214 2276 272 2336 Sed
296 2275 363 2344 sibi,
386 2275 438 2336 sed
461 2272 591 2344 Priamo,
616 2275 666 2337 sed
691 2276 766 2336 mala
790 2286 896 2339 cuneta
921 2278 991 2337 suis.

169 2359 232 2419 llne
248 2369 341 2438 paler,
357 2359 415 2420 hen
430 2363 569 2438 genitrix,
585 2359 642 2420 hue
657 2363 782 2422 fratrum
798 2372 901 2423 coetus
916 2369 946 2421 et
960 2356 1081 2430 Heeter,
1102 2371 1133 2420 15

210 2444 274 2504 Hoc
297 2447 384 2506 etiam
407 2448 495 2522 regni
516 2444 610 2522 gloria
634 2443 721 2523 Truja
745 2445 834 2506 eadit.

170 2529 254 2590 Hune
277 2529 414 2590 Paridem
437 2529 569 2607 paritura
594 2547 703 2608 parens
724 2547 780 2608 per
801 2531 912 2590 sumnia
938 2530 1022 2600 ridit;
1049 2546 1051 2554 ¹

211 2612 287 2673 Vidit
308 2633 363 2693 pru
386 2631 481 2691 puero
503 2634 535 2674 se
557 2616 711 2694 peperisse
734 2613 839 2676 sanem.
952 2631 957 2640 ¹

168 2697 245 2758 Dum
267 2717 320 2759 rex
342 2701 374 2759 in
397 2700 482 2775 signu
505 2706 575 2760 tunc
596 2700 671 2776 signi
696 2700 831 2778 percipit,
857 2698 959 2761 linrret

212 2782 295 2853 Quod
318 2792 404 2861 parat
424 2787 455 2842 in
479 2786 586 2862 pignus
609 2785 718 2862 impius
735 2802 805 2849 ¹esse
828 2785 903 2862 pice.
1100 2794 1134 2842 20
1243 2863 1249 2879 ⁸

168 2865 241 2926 Nam
265 2885 392 2946 puerum
416 2876 517 2930 natum
541 2887 597 2946 pru
617 2865 702 2945 jussu
724 2869 804 2945 regis
826 2871 856 2927 in
880 2867 959 2927 ldam

212 2951 295 3012 Servi
311 2951 453 3013 tollentes
476 2971 546 3013 ense
569 2970 677 3012 necare
699 2962 815 3030 parant.

166 3032 226 3096 'Seu
250 3049 324 3116 puer
347 3037 512 3118 adspiciens
536 3055 637 3098 ensem
661 3038 778 3096 radiare
801 3055 968 3107 coruscum,

212 3121 332 3182 Arridet
353 3121 450 3198 gladie
473 3125 593 3184 nescius
615 3141 686 3184 ense
709 3125 807 3189 neeis;

169 3205 252 3274 Quod
275 3224 472 3284 percussurus
494 3225 621 3268 cernens
644 3224 696 3266 eor
718 3205 819 3274 flectit,
845 3215 874 3265 et
895 3206 985 3266 letum
1099 3215 1133 3263 25

211 3289 248 3350 Et
269 3292 354 3352 serus
377 3300 406 3352 et
427 3293 538 3353 leriens
561 3288 672 3352 desinit
694 3309 759 3350 esse
782 3290 880 3350 simul.

168 3371 231 3433 Sub
255 3373 333 3436 loliis
355 3376 451 3436 vivum
476 3375 590 3453 linquit,
615 3371 701 3456 quen'i
725 3383 827 3454 pastor
849 3374 996 3435 oberrans
1015 3391 1033 3417 ⁴·

210 3458 334 3527 lnvenit,
360 3469 391 3520 ut
415 3459 489 3521 loliis
512 3477 608 3539 nuper
630 3469 754 3538 opertus
778 3467 849 3520 erat.
