2618 3984
397 196 459 246 aaa.
478 197 524 248 tv.
548 213 580 251 -ν,
599 198 742 248 rao-raa.
812 177 814 182 ’

172 351 228 412 bac
250 350 363 410 varium
387 349 494 427 pannis
516 353 731 410 convenienter
753 367 836 429 opus.

129 436 212 496 Zona
236 437 345 514 premit
367 432 459 494 latera
482 433 519 493 dc
542 432 630 512 bysso
653 443 732 496 texta
754 443 878 506 retorta,

174 520 296 580 Gemma
319 517 472 595 steliiparo
494 516 612 596 fulgure
635 519 724 580 dante
745 517 843 597 jubar.

128 603 260 668 Alternis
283 601 395 663 vicibus
419 604 534 680 argenti
556 601 636 663 sidus
661 611 689 664 et
712 604 776 665 auri

172 689 227 749 Hic
250 688 332 758 uitet,
357 705 425 748 ausa
448 695 547 748 tamen
571 705 659 748 aurea
682 691 743 748 tota
766 686 862 749 rubet.

128 772 255 836 Brachia
278 771 430 834 luxttriant
452 769 584 841 armillis,
609 771 717 832 lamina
740 773 833 832 nectit

175 859 299 936 Argenti
322 859 464 925 manicas,
488 865 521 916 ut
544 855 621 916 bene
640 859 766 934 stringat
788 873 848 916 eas.

129 946 187 1005 Ars
210 950 240 1002 ct
260 943 383 1002 materia
407 948 524 1002 certant
546 941 577 1001 in
599 950 681 1002 veste
705 957 822 1012 serena,
1010 1007 1013 1011 ,

175 1026 270 1098 Quam
294 1026 401 1087 dicunt
423 1022 608 1103 chlamydem
631 1027 678 1086 vix
701 1024 791 1087 habet
812 1023 862 1086 illa
885 1043 1003 1105 parem;

130 1105 293 1174 Materiam
307 1113 407 1171 vincat
428 1128 503 1190 opus
526 1129 563 1171 an
586 1111 721 1171 vincatur
743 1110 780 1170 ab
802 1109 861 1182 illa,

173 1194 288 1256 iudicio
311 1202 428 1272 poterat
451 1212 539 1254 nemo
561 1194 689 1274 probare
713 1193 779 1256 lavi.

131 1279 277 1343 Nobilitas
300 1281 407 1357 digitos
430 1279 578 1341 rutilantis
600 1281 726 1340 circinat
748 1280 823 1349 auri,

172 1363 326 1445 Multiplici
346 1363 452 1444 jubare
474 1381 589 1442 gemma
611 1363 748 1444 superbit
770 1365 822 1427 ibi.

131 1451 235 1511 Indice
258 1457 413 1511 contentos
435 1451 527 1526 ignita
550 1448 616 1510 luce
639 1466 771 1529 pyropus

173 1534 303 1594 duride
325 1533 424 1594 medio
447 1532 518 1594 solis
541 1534 576 1595 ad
600 1536 693 1595 instar
715 1541 792 1595 ovat.

131 1619 252 1698 Sapbiri
274 1619 389 1697 species
411 1618 511 1695 digitis
533 1619 685 1698 aptissima
708 1636 811 1696 regum

174 1703 268 1764 Ornat
290 1705 490 1764 amazonicam
515 1702 582 1764 luce
605 1705 733 1763 micante
756 1719 886 1766 manum.

98 1833 101 1840 .
129 1785 273 1864 Fulgidus
296 1785 399 1847 obrizo
422 1786 624 1848 carbunculus
647 1787 731 1847 ardet
752 1787 784 1846 in
806 1804 888 1857 auro,

175 1871 321 1950 Claraque
343 1870 463 1931 soiiiero
486 1880 626 1950 provocat
648 1879 724 1932 astra
748 1889 830 1949 rogo.

131 1957 229 2036 Iaspis
252 1957 284 2015 in
308 1966 431 2031 argento
453 1959 540 2027 viret,
564 1955 674 2017 undam
699 1956 850 2034 sanguinis
873 1973 988 2025 arcens,

174 2041 228 2102 Hic
252 2039 324 2099 latet
346 2042 377 2100 in
400 2040 486 2101 viridi
509 2058 582 2101 zoua
606 2040 706 2102 colore
729 2039 851 2102 rubens.

134 2127 227 2188 Omne
250 2125 329 2204 parit
350 2125 443 2185 tiride
465 2127 555 2186 viridi
577 2124 693 2203 fulgore
716 2125 898 2203 smaragdus

175 2211 232 2271 Hic
255 2211 331 2269 riret
353 2217 382 2269 et
404 2209 491 2270 viridi
515 2210 626 2271 lumina
650 2210 716 2270 luce
739 2211 829 2279 fovet,

131 2295 187 2356 llio
210 2293 330 2354 adamas
353 2292 476 2373 chalybe
498 2293 620 2372 glaucus
643 2295 680 2354 de
703 2297 846 2373 sanguine
868 2296 963 2355 solum

175 2373 306 2440 Solvitur
328 2378 454 2448 bircino,
477 2381 509 2439 nt
530 2378 620 2440 homo
643 2397 767 2459 prosper
791 2399 834 2440 eo.

132 2462 307 2524 Pendebant
328 2461 420 2524 nitido
444 2462 547 2524 ‹litiusa
570 2463 690 2524 monilia
715 2463 801 2533 coilo,

177 2548 315 2608 Gemmas
337 2549 473 2626 inspicio.
499 2565 553 2608 nec
575 2565 734 2610 numerare
757 2566 843 2627 queo.

133 2633 242 2694 Pectus
266 2635 346 2692 enim
368 2634 495 2710 gemmis
519 2635 603 2711 quasi
627 2632 722 2694 celum
746 2632 878 2709 fulgurat
901 2632 998 2700 astris,
1050 2632 1056 2660 '⁶

175 2717 237 2777 Hac
259 2717 411 2778 radicaute
434 2717 487 2778 sed
510 2717 565 2777 hac
587 2717 795 2796 praeradiante
817 2717 921 2794 magis.

133 2800 247 2864 Clarior
271 2809 403 2880 argento,
426 2802 507 2862 fulvo
530 2805 720 2882 conspectior
743 2819 815 2861 auro
898 2817 901 2822 ·

175 2883 311 2948 Fulmina
333 2886 474 2964 gemmali
496 2885 585 2946 tibula
608 2883 666 2946 lata
689 2887 786 2946 micat.

133 2971 260 3042 Quaeris
282 2978 392 3032 utrum·
406 2971 530 3033 rutilans
552 2972 591 3031 sit
612 2972 689 3031 sorte
712 2971 846 3050 topazius
867 2969 952 3029 hicce

177 3055 315 3133 Tangeris
338 3054 419 3118 calce
443 3057 553 3135 polum,
578 3058 688 3117 vertice
712 3074 782 3116 vcro
804 3057 910 3116 solum.

203 3225 259 3279 773.
279 3223 403 3274 Grralt-er.
422 3224 499 3275 Alex.
520 3225 540 3284 t,
558 3225 608 3274 236

235 3294 359 3343 Lucidus
378 3292 470 3342 obrizo
490 3291 605 3342 crinalis
622 3290 740 3340 circulus
758 3305 834 3344 auro.

133 3363 191 3413 779.
212 3360 272 3411 cod.
293 3361 415 3413 claucua.
485 3361 542 3410 780.
560 3358 880 3422 margoscadamante.
952 3360 1009 3410 781.
1026 3357 1099 3424 Virg.
1156 3363 1158 3368 ’
1265 3403 1274 3416 ἱ

133 3430 202 3480 Aen.
221 3429 282 3491 vn,
302 3431 352 3480 278

236 3500 328 3548 Aurea
345 3497 506 3562 pectoribus
524 3496 644 3546 demissa
661 3494 775 3544 monilia
793 3493 924 3559 pendent.
