2616 3980
196 166 234 212 VI
382 207 386 212 .
605 153 758 209 Praefatio.

198 303 282 364 Neue
321 303 515 384 Sammlung‘⁴
544 307 736 388 inseruimus,
767 319 961 370 enumeratur
990 309 1045 372 sub
1080 311 1163 390 signo

197 387 231 450 F.
257 385 307 449 15.
333 387 394 467 (lib.
418 391 468 450 cit.
492 410 519 471 p.
540 388 591 471 37)
616 394 748 471 „Auriga
772 391 884 454 Alberti
906 387 1022 456 abbatis
1038 393 1164 456 Staden·

197 473 271 532 sis“.
305 473 420 535 Nomen
440 483 555 536 tantum
578 479 719 546 innotuit,
744 471 837 537 codex
859 478 924 557 ipse
947 480 1045 559 periit.
1087 480 1163 559 Lap-

165 583 170 588 =
198 557 332 636 penberg
358 557 454 636 (Perta
477 569 661 629 monument,
685 562 823 624 German.
847 561 882 621 T.
906 561 979 624 XVI.
1001 559 1064 625 272
1087 563 1162 644 sqq.)

198 641 229 700 in
253 643 438 721 praefatione
461 645 603 706 editionis
618 646 769 706 annalium
785 644 1008 712 Albertinorum
1031 649 1163 726 suspica·

196 735 245 785 tus
281 734 341 796 est,
377 745 486 788 nomen
515 730 643 807 Aurigae
670 732 700 790 in
729 730 895 808 Quadrigae
928 732 1100 792 mutandum
1134 741 1164 792 et

196 810 234 870 ad
257 810 314 871 boc
337 809 450 874 Alberti
473 829 594 874 carmen
621 813 779 875 referenda
806 833 886 884 esse,
915 833 993 895 quae
1022 819 1053 876 in
1076 815 1163 877 chro-

197 895 266 954 nico
299 899 471 957 monasterii
504 896 753 959 Rosenveldensis
785 897 852 975 (cfr.
875 899 951 977 Vogt
977 909 1162 962 monument.

196 996 256 1038 rer.
282 979 421 1042 German.
441 979 523 1042 1740
545 982 579 1041 Τ.
601 983 614 1043 Ι
636 1001 664 1061 ρ.
683 979 765 1056 136.)
788 982 826 1042 de
847 984 985 1044 monachi
1008 984 1161 1064 cujusdam

132 1078 134 1084 ’
200 1061 450 1126 Rosenveldensis
482 1067 607 1126 metrico
635 1066 723 1147 libro,
754 1069 805 1146 qui
833 1067 941 1128 dicitur
969 1067 1171 1146 „Quadriga“-

196 1156 374 1217 uarrentur‚
413 1149 512 1210 addito
550 1149 615 1211 loco
653 1169 688 1210 ex
724 1152 781 1210 boc
815 1147 963 1228 Quadriga
995 1153 1161 1230 desumpto.

197 1231 364 1310 tluadrigae
393 1252 501 1294 nomen
530 1233 606 1296 liber
633 1234 703 1295 inde
732 1235 838 1305 trabit,
867 1236 946 1315 quod
976 1236 1013 1296 de
1035 1244 1162 1316 quatuor

74 1339 86 1350 ·
197 1316 357 1394 evangeliis
379 1320 448 1397 agit.
493 1319 590 1380 Locus
620 1318 670 1380 ille
698 1319 840 1381 describit
866 1323 1081 1382 monasterium
1104 1321 1161 1380 Ro·
1244 1363 1250 1374 .

197 1400 336 1462 senroldo
360 1403 555 1482 sequentibus
577 1403 739 1464 Albertiuis
760 1402 919 1464 simillimis
939 1397 1091 1466 versibus:

241 1485 315 1556 „Est
338 1487 422 1548 locus
444 1506 460 1548 a
482 1487 579 1548 Roseo
602 1490 652 1567 qui
675 1490 765 1549 traxit
785 1489 907 1549 nomine
929 1506 1048 1558 nomen,

237 1571 269 1630 lu
293 1572 389 1651 spatio
411 1574 566 1651 speciosus
588 1576 671 1632 etin
694 1573 794 1652 specie
816 1575 972 1652 spatiosus,

237 1655 332 1726 Quem
355 1658 429 1717 situs
452 1659 517 1736 ipse
539 1656 606 1725 loci.
630 1675 718 1736 quern
742 1673 842 1716 rerum
865 1657 951 1735 copia
974 1664 1130 1726 monstrat,

237 1738 331 1810 Quem
340 1741 488 1802 Comitum
501 1741 656 1820 praelarga
668 1759 783 1812 manus,
796 1760 884 1820 quem
897 1741 1013 1801 culmen
1026 1741 1172 1809 honorat„

237 1823 332 1892 Quem
354 1823 644 1905 pietas'Procerum,
668 1844 756 1904 quem
783 1828 869 1886 vestit
892 1824 986 1903 gloria
1008 1825 1134 1904 Regum,

235 1908 288 1969 Est
310 1909 393 1970 locus
415 1907 481 1988 ipsa
503 1928 579 1982 rosa,
602 1929 681 1988 rosa,
706 1913 804 1990 campi
826 1909 927 1987 gloria,
952 1911 1046 1969 nescit

235 1992 316 2052 Haec
339 2010 407 2054 rosa
431 1996 590 2071 spinetum,
614 2013 710 2073 neque
732 1996 838 2074 pungit
859 1995 942 2073 spina
964 2003 1106 2054 rosetum.

220 2075 289 2144 ‘Est
311 2075 395 2138 locus
418 2079 481 2156 ipsa
505 2095 583 2148 rosa,
606 2097 665 2138 non
689 2078 763 2137 baec
786 2095 854 2137 rosa
878 2095 965 2136 mane
989 2077 1119 2158 Cydippe

236 2161 368 2240 Vespere
391 2160 466 2222 lucis
489 2163 555 2231 erit,
580 2161 668 2222 modo
690 2161 809 2230 florens.
833 2163 970 2240 protinus
993 2179 1090 2230 arens,

238 2244 323 2305 Nunc
345 2245 447 2315 rubra,
470 2263 539 2306 mox
562 2245 684 2325 pallens,
709 2245 796 2305 modo
817 2243 926 2320 invida,
950 2244 1038 2306 livida
1061 2245 1160 2307 statim

237 2328 323 2389 Nunc
347 2331 446 2390 oriens
469 2329 557 2390 simul
580 2338 609 2388 et
631 2330 777 2390 moriens:
801 2345 938 2390 arescere
961 2345 1113 2408 nunquam

239 2413 319 2474 llaec
341 2411 416 2474 solet
438 2417 553 2475 aeterni
575 2414 720 2474 foecunda
743 2415 908 2493 propagine
931 2415 1021 2489 veris,

239 2497 304 2558 Non
328 2506 433 2568 aestas,
456 2516 516 2558 non
540 2497 629 2558 audet
650 2497 755 2567 hiems,
778 2515 838 2558 non
861 2495 969 2557 Aeolus
988 2499 1076 2558 istam
1151 2544 1153 2548 .

224 2581 419 2642 .Derosnlare
441 2600 551 2644 rosam.
588 2581 652 2642 Mos
675 2589 722 2643 est
742 2582 854 2661 pallere
876 2598 1013 2642 rosarum

237 2665 313 2726 Solis
336 2667 373 2726 ad
395 2668 544 2736 intuitum,
568 2665 659 2727 trabit
681 2666 755 2727 baec
777 2686 794 2727 a
816 2663 878 2728 sole
900 2665 1052 2737 ruborem,

237 2749 385 2827 Quicquid
408 2749 498 2812 babet
520 2760 627 2812 natura
649 2750 730 2820 boni,
754 2749 837 2811 locus
859 2751 916 2810 iste
938 2749 1072 2812 locorum

237 2835 383 2904 Continet,
400 2829 495 2896 'omne
518 2834 588 2895 mali
609 2834 789 2897 fermentum
811 2833 929 2912 longius
951 2843 1034 2895 arcet

236 2918 352 2995 Regina
375 2918 446 2980 solis
469 2918 522 2981 ubi
545 2918 722 2981 sublimibus
744 2918 801 2979 alta
824 2917 980 2980 columnis.
1088 2969 1090 2974 ,

280 3001 478 3084 Lappenberg
514 3006 578 3065 siue
616 3001 705 3065 dubio
741 3011 825 3064 recte
863 3005 1031 3082 suspicatus
1058 3012 1104 3064 est
1132 3015 1162 3066 et

196 3089 326 3166 scriptor
361 3086 485 3166 catalogi
518 3087 807 3150 Bordesholmiensis
835 3088 864 3148 d.
894 3105 920 3149 a.
954 3082 1037 3149 1488
1070 3086 1161 3150 titulis

195 3171 438 3233 antecedentium
465 3171 623 3235 librorum:
654 3177 795 3252 „Auroga
818 3171 880 3253 (sic)
908 3172 989 3234 Petri
1018 3171 1055 3234 de
1077 3173 1160 3252 Riga,

194 3258 309 3318 Aurora
332 3256 413 3318 Petri
435 3258 472 3318 de
493 3256 587 3335 Riga“
611 3258 754 3336 deceptus
775 3276 830 3337 per
853 3273 988 3318 errorem
1011 3273 1066 3334 pro
1083 3257 1159 3330 Qua·

196 3339 280 3420 driga
302 3343 422 3420 scripsit
444 3344 563 3420 Auriga.

282 3426 340 3488 Sed
369 3429 522 3488 mittamus
550 3426 630 3488 hunc
661 3426 770 3488 librum
800 3424 886 3504 cujus
913 3433 1159 3518 nomentantum
1214 3432 1217 3441 “
1304 3421 1307 3446 ’
