2616 3980
171 819 399 894 AOOESSUS
426 821 480 893 IN
507 819 719 896 TROILUM
743 817 980 894 Muelavui

272 944 274 956 '
468 938 687 1013 ALBERTI.

123 1140 129 1154 ⁸
178 1126 211 1186 ln
234 1126 292 1188 boe
316 1144 408 1206 opere
431 1125 508 1187 siout
529 1128 561 1187 in
584 1123 718 1202 qualibet
740 1143 773 1184 re
796 1133 982 1205 quaeruntur
1005 1125 1061 1185 tria

94 1211 223 1272 seilicet:
258 1211 343 1291 quid,
374 1211 477 1291 quale,
508 1225 613 1286 quare,
634 1209 675 1270 11.
699 1229 725 1272 e.
757 1211 880 1270 materia
909 1209 1005 1270 forma
1033 1217 1063 1270 et

95 1313 193 1368 eausa.
240 1295 362 1356 Materia
390 1295 498 1356 diffluit
526 1294 596 1374 quid
620 1296 660 1355 sit
685 1313 749 1364 res,
780 1295 873 1356 forma
896 1293 991 1375 qualis
1014 1295 1061 1364 sit,

94 1387 124 1441 et
143 1381 288 1460 reposita
305 1389 334 1442 et
357 1377 421 1459 ejus
443 1377 584 1459 qualitate
609 1396 749 1459 expressa
772 1396 889 1440 eausam
905 1379 1063 1457 positionis

93 1461 194 1527 statim
217 1472 369 1545 exspectat
390 1465 507 1525 animus
529 1463 686 1526 auditoris.
719 1463 842 1534 Materia
858 1460 946 1540 liujus
963 1464 1063 1543 operis

94 1555 138 1611 est
160 1549 323 1630 Trojanum
346 1547 473 1620 bellum,
503 1567 578 1629 quae
608 1566 658 1609 res
685 1551 750 1627 ipsa
779 1549 947 1610 mirandum
972 1547 1063 1610 elficit

94 1642 123 1695 ot
139 1637 302 1702 famosum.
346 1633 484 1695 diffamat
512 1635 593 1695 enim
622 1630 695 1693 illud
717 1633 763 1694 vel
791 1635 915 1694 infamat
937 1633 1059 1694 fortium

93 1721 271 1790 strenuitas,
300 1717 346 1779 vel
376 1725 407 1779 ut
434 1719 535 1778 verius
563 1717 658 1777 diram
685 1717 819 1786 fatuitas,
848 1734 966 1795 pugnae
995 1735 1062 1778 oru-

94 1804 213 1873 delitaS,
250 1804 418 1880 occisorum
446 1802 661 1870 numerositas,
698 1801 842 1880 temporis
870 1800 1061 1870 diuturnitas,

92 1887 225 1948 incendii
253 1885 438 1955 immanitas,
469 1903 545 1964 quae
572 1881 688 1962 singula
718 1890 878 1960 tanguntur
901 1886 931 1946 in
958 1902 1081 1964 opere,

93 1971 230 2032 Primum
254 1970 384 2048 tangitur
405 1971 437 2029 in
460 1968 505 2029 11ο
528 1968 623 2038 libro,
646 1984 744 2047 pugna
766 1967 829 2028 111ο
852 1967 946 2030 libro:

160 2055 226 2116 Non
251 2057 316 2114 era't
337 2053 410 2115 haee
432 2069 531 2132 pugna
553 2051 738 2132 pavidorum,
762 2071 831 2113 nam
854 2054 941 2115 simul
964 2073 1058 2125 aures,

203 2137 316 2209 Fortes,
341 2137 467 2199 audaces
490 2137 537 2199 hio
558 2138 683 2217 periisse
707 2137 805 2210 vides;

93 2239 212 2304 pugnae
235 2221 397 2284 erudelitas
419 2224 449 2283 in
472 2221 515 2282 V⁰
538 2221 631 2284 libro:

107 2309 111 2320 ’
156 2308 211 2372 Η16
233 2307 348 2378 rabies,
372 2325 494 2380 rancor,
517 2309 669 2377 fremitus,
693 2305 851 2380 violentia,
875 2308 961 2382 livor,

199 2393 262 2465 Lis,
286 2393 403 2462 odium,
426 2395 542 2464 fervor,
565 2393 709 2471 impetus,
733 2395 792 2464 ira,
817 2395 911 2455 furor.

178 2477 354 2539 Oooisorum
377 2477 575 2539 numerositas
597 2479 628 2538 in
651 2477 709 2539 fine
732 2477 802 2540 libri
818 2480 962 2559 tangitur,
987 2483 1061 2560 quo·

91 2579 159 2622 rum
182 2579 324 2623 numerus
347 2561 383 2624 ab
406 2562 594 2625 audientibus
616 2561 811 2633 abhorretur,
835 2563 1060 2644 babes-nempe

156 2644 294 2708 lllillesies
318 2646 397 2708 mille
420 2648 591 2726 permixtim
614 2650 747 2728 quinque
769 2655 903 2709 trecenta

199 2730 238 2792 m
260 2731 359 2792 decies
374 2739 449 2792 -ooto
472 2729 552 2792 milia
575 2748 660 2792 eaesa
683 2739 764 2812 puta.
893 2797 896 2800 ,

90 2816 248 2897 Temporis
270 2815 451 2878 diuturnitas
472 2816 503 2875 in
525 2815 631 2876 ultimo
653 2815 728 2876 libro
752 2815 883 2896 tangitur
899 2818 963 2880 1616
979 2819 1062 2878 61166

91 2902 275 2984 principium
298 2901 328 2961 in
352 2897 529 2979 allegatione
550 2901 681 2962 Aeneae:

155 2987 221 3048 Jam
244 2983 290 3045 bis
313 2985 415 3062 quinta
437 2982 598 3046 revolvitur
620 2993 725 3056 aestas,

200 3069 285 3142 Quod
307 3070 434 3148 patriam
457 3075 516 3129 tota
540 3070 742 3131 commoluere
764 3070 851 3141 utala,

153 3157 192 3218 Et
214 3153 346 3232 glacialis
369 3154 465 3217 hiems
487 3153 676 3234 aquilonibus
698 3164 817 3234 asperat
840 3154 937 3217 undas
1005 3215 1007 3218 .

198 3241 263 3302 lam
286 3239 387 3300 decies
410 3255 527 3318 pugnae
550 3255 606 3300 neo
628 3237 793 3300 numerabo
816 3241 905 3300 vioes.
942 3291 945 3298 .

87 3326 223 3389 incendii
246 3323 412 3386 immanitas
435 3325 515 3384 eirea
538 3324 625 3384 finem
649 3323 719 3383 libri
743 3325 890 3401 tangitur:

106 3440 108 3445 ·
155 3411 234 3472 Gens
257 3411 363 3472 victrix
386 3406 504 3469 tandem
527 3406 657 3468 Vulcano
680 3405 818 3470 fulminat
839 3407 956 3479 urbem,

165 3519 166 3526 ¹
197 3495 291 3558 Nemo
314 3495 373 3556 tam
397 3490 488 3554 latum
511 3491 585 3552 vidit
605 3493 636 3551 in
660 3489 733 3552 orbe
755 3493 870 3564 fooum;

818 3592 854 3644 μ
