2616 4000
440 202 505 253 cru.
524 203 571 251 vr.
607 218 632 254 v.
652 205 795 256 ori-are.
1041 197 1103 263 189

327 288 355 338 a

134 353 185 414 Sic
207 354 297 430 igilur
320 354 458 414 statuisse
481 351 590 424 volunt,
616 362 656 424 ul,
680 338 944 434 quandove‘nireh

179 436 248 514 Vela
271 437 441 498 levarentur
464 438 572 505 omnia,
596 439 696 516 quinia
720 439 791 498 dics.

131 521 320 597 Propositum
344 521 400 581 lale
424 523 547 582 mulatio
570 521 698 601 destruit
719 541 818 592 aurae,

175 602 339 666 Sollicitum
363 608 462 666 raucis
485 625 553 667 nam
576 624 658 666 mare
681 606 773 667 lervel
796 610 898 685 aquis;

132 688 264 767 Tempus
286 687 364 750 enim
388 692 455 770 quia
479 709 533 770 per
555 689 675 770 aliquod
701 693 790 752 maris
813 694 857 753 ira
880 691 1029 753 iremehal
1051 704 1101 752 uuo

175 772 241 834 Non
263 781 401 853 poteraut
423 775 499 836 dicta
524 774 585 854 vola
609 776 708 856 leuare
732 775 789 836 die.
887 802 903 860 s

365 937 572 1006 [conixum
589 937 869 1008 rn‘rnuurcmuuq

15 1035 16 1116 j
133 1041 187 1102 ldst
209 1042 285 1122 apud
308 1044 437 1104 Aeneam
461 1051 574 1105 servata
597 1043 757 1123 Polyxena,
780 1044 893 1122 Pyrrho

176 1125 209 1186 ln
230 1127 392 1188 thalamum
417 1127 524 1187 moniis
547 1125 608 1205 ojus
631 1129 727 1203 imago
749 1127 837 1188 cadri.
874 1175 880 1192 1

135 1209 240 1270 Nonne
262 1228 329 1272 meo
351 1213 428 1290 patri
450 1212 506 1272 luit
529 1210 602 1270 haec
623 1213 739 1272 occasio
762 1213 867 1273 mortis

178 1293 302 1372 Cogitat,
326 1301 356 1354 el
376 1295 475 1356 studio
497 1296 627 1375 pectoris
648 1297 704 1355 isla
727 1303 814 1356 rotat.
1052 1307 1101 1356 650

133 1377 294 1456 Tempore,
319 1394 378 1455 quo
400 1377 509 1452 Priami
531 1381 587 1439 luit
609 1397 625 1438 a
649 1397 695 1438 me
718 1381 800 1458 regia
823 1380 914 1456 fracia

15 1471 17 1482 ’
93 1465 94 1470 ’
179 1461 260 1521 lianc
281 1459 323 1523 ibi
347 1479 406 1523 non
430 1462 499 1532 uidi,
524 1462 783 1541 reperietur'ubi‘l

133 1545 395 1624 Ohgamemuonl
419 1545 515 1607 ailad
540 1564 651 1624 regom,
675 1565 735 1626 quo
758 1557 857 1608 tamon
880 1556 965 1608 amru

175 1629 256 1689 llaec
278 1628 373 1690 latitat
396 1632 476 1708 virgo
500 1631 627 1710 condita,
650 1631 727 1690 scire
750 1629 825 1690 volo.

131 1713 197 1774 Non
221 1714 342 1774 memini
366 1733 412 1776 me
435 1717 527 1792 patris
550 1733 613 1774 eam
637 1714 742 1774 vidisse
766 1713 821 1775 sub
844 1715 961 1790 umbra,

174 1797 235 1856 Nec
258 1799 329 1866 scio,
353 1797 430 1877 quod
455 1797 554 1858 tulerit
572 1797 696 1858 'Hecuba
722 1807 817 1859 mator
841 1817 916 1859 eam.

132 1881 270 1960 Undique
294 1899 346 1942 rex
370 1885 488 1958 quaerit
509 1899 564 1960 pro
589 1883 712 1958 virgine,
737 1883 847 1942 mentio
870 1885 967 1960 surgit

174 1963 256 2034 Qurod
280 1966 320 2025 sit
342 1965 379 2026 ah
403 1969 500 2027 donea
523 1965 631 2026 tradita
656 1967 741 2043 virgo
763 1968 852 2042 patri.

131 2049 195 2109 Rex
219 2056 302 2108 vocal
322 2051 460 2110 Aeneam.
507 2049 642 2110 Curuus
668 2055 764 2110 Aenea
789 2050 912 2128 fatigas?

173 2131 284 2200 Intulit,
309 2140 342 2192 ιιι
365 2134 468 2204 venial,
492 2132 578 2212 pelle,
602 2131 710 2212 puella,
736 2151 844 2193 moras.
904 2165 906 2170 ·

132 2216 247 2276 heroas
269 2219 343 2294 petil
365 2217 537 2285 Anchisem
561 2216 736 2293 virguncula
760 2217 867 2296 prodii,

182 2300 304 2361 llucilur
326 2300 362 2360 ad
385 2319 486 2379 regem
511 2310 588 2361 certa
612 2300 712 2362 subire
735 2319 848 2362 necem.

134 2383 195 2444 Rex
218 2383 333 2464 Pyrrho
355 2392 524 2463 praesentat
549 2404 623 2454 earn,
648 2389 794 2460 sententia
818 2385 924 2464 Pyrrhi

108 2479 111 2487 ’
175 2467 262 2528 Extat
283 2476 316 2527 ul
337 2470 492 2530 interitum
517 2471 611 2546 patris
633 2478 663 2529 cl
685 2471 747 2546 ipsa
771 2469 842 2530 luat.

134 2549 305 2612 llelrahitur
327 2562 449 2622 moesta,
474 2554 625 2631 scissaque
647 2552 794 2632 Polyxena
820 2552 904 2630 palla,

173 2635 210 2694 El
232 2641 320 2695 nocet
342 2634 462 2714 alterius
486 2655 545 2696 nou
569 2655 620 2696 sua
644 2635 731 2714 culpa
754 2635 823 2696 sibi.

133 2717 176 2778 Ad
201 2720 328 2796 patrium
348 2718 463 2798 jugulat
485 2721 645 2780 detractam
668 2722 725 2781 tiro
748 2719 928 2798 sepulcrum,

177 2801 293 2863 Occidit
316 2801 372 2864 hoc
396 2805 505 2864 misero
528 2805 609 2880 rogia
633 2807 717 2881 virgo
739 2804 837 2864 modo.

133 2885 196 2946 hex
217 2885 427 2948 Anchisiadem
450 2905 504 2967 pro
528 2889 637 2948 clausa·
651 2889 765 2965 virgine
787 2885 895 2967 culpat,

145 3037 148 3043 f
176 2969 232 3040 Qui
253 2969 337 3048 jubel
359 2978 390 3030 ul
412 2973 505 3041 oadal,
530 2972 621 3032 allero
642 2989 736 3050 ‘regna
759 2979 852 3050 potat.

295 3115 429 3186 [POETA
447 3117 636 3182 LOQUITUR
653 3117 701 3171 DE
719 3117 829 3172 LIBRO
848 3118 937 3186 SUO]

133 3220 263 3297 Virginis
286 3240 302 3281 a
325 3230 411 3300 partu
435 3221 493 3283 duc
514 3241 608 3284 annos
630 3223 709 3284 mille
732 3223 876 3284 ducentos

176 3303 213 3364 El
234 3305 439 3384 quadragenos
462 3307 509 3367 his
531 3307 670 3369 sociando
692 3324 807 3377 novem,

134 3423 338 3434 -o--n--ss-

202 3473 259 3524 658.
280 3472 370 3524 Schol.
383 3471 532 3526 Anchisae.
574 3475 633 3525 672.
653 3475 796 3540 happenb.
816 3460 970 3548 sirperadde
989 3490 1096 3527 novem.
