2616 3980
382 149 384 156 “
452 159 513 214 me.
530 159 552 209 1.
588 175 614 211 v.
634 160 777 210 arr-403,
854 148 856 152 ’
928 199 933 205 .
994 165 997 185 ¹
1056 157 1099 222 23

140 303 141 306 Ἴ
174 337 320 408 QUIDAM
338 339 517 406 SUADENT,
537 338 682 406 QUIDAM
699 339 778 394 NON
795 339 883 394 trun
900 338 1054 394 PARIDIS.

19 457 20 460 ’
131 446 302 529 Deiphobus
324 445 439 526 pridem
463 444 675 506 commendans
697 447 807 525 inquit:
832 445 866 506 ad
891 447 944 506 isla

176 533 319 593 Effectum
343 529 441 591 Paridi
462 523 586 592 ¹consulo
609 537 674 590 vola
698 530 773 590 dari.

132 619 198 699 lpse
220 616 311 676 sitin
334 633 421 675 eausa
446 614 599 685 vexillifer,
623 617 688 693 ipse
711 616 852 692 magister

175 703 298 776 Causae,
322 701 392 761 deut
413 717 544 779 operam,
568 717 642 776 quos
665 698 860 768 voeat,·hano
877 706 1020 779 elopem.
1048 706 1100 758 380
1208 733 1211 740 ,

133 787 200 848 Non
222 785 321 864 placet
340 783 415 864 baec
438 783 551 844 Heleno
575 787 739 845 sententia:
763 801 812 842 res
834 802 868 844 ea
892 801 992 864 seeum

177 870 209 930 Si
231 877 402 948 peragatur,
427 870 477 936 ait,
500 870 629 930 maxima
651 868 758 929 damna
781 867 881 928 trabit.

133 955 165 1017 si
187 952 271 1014 Paris
294 973 329 1014 ex
353 953 474 1014 Graecis
496 971 619 1014 uxorem
644 953 762 1014 duxerit
784 953 855 1020 oris,

175 1037 330 1099 Excidium
353 1037 461 1098 Troiae
484 1038 572 1098 ducet
595 1045 625 1098 et
645 1055 733 1098 omne
756 1036 876 1098 malum.

134 1123 246 1184 Graeca
271 1140 374 1184 manus
397 1131 458 1183 tota
481 1129 549 1182 ruet
570 1124 601 1183 in
624 1121 792 1201 Phrygiam,
816 1122 873 1182 nisi
895 1121 973 1183 tritis
1050 1131 1101 1182 385

176 1207 321 1268 Omnibus
337 1207 378 1267 'ad
403 1216 498 1268 terras
519 1205 680 1268 irreditura
704 1224 785 1268 suas.
942 1277 947 1282 ¹

130 1293 171 1351 bt
192 1289 313 1352 Troilus
334 1299 402 1352 natu
427 1292 581 1360 minimus;
605 1308 665 1351 non
687 1291 800 1351 viribus
823 1292 929 1368 impar,

176 1375 274 1436 Mente
297 1393 352 1436 nee
373 1377 498 1437 interior
519 1375 648 1436 Hectore
670 1377 749 1437 latur
771 1376 826 1435 ita:

136 1461 227 1522 Detur
250 1460 417 1521 Alexandro
440 1459 511 1526 laus,
536 1460 625 1521 detur
647 1459 810 1538 Deiphobo,
834 1462 885 1538 qui

177 1544 294 1606 Laudes
317 1546 437 1624 ingenio
459 1562 653 1624 promeruere
676 1562 740 1609 suo.
1051 1552 1103 1603 390

135 1629 220 1691 Unus
242 1628 278 1689 ad
301 1629 358 1689 boe
381 1628 491 1690 bellum
514 1647 545 1689 se
569 1629 703 1707 praebet,
727 1635 756 1689 et
778 1627 924 1708 approbat
946 1625 1032 1699 alter,
1117 1629 1121 1634 ’

178 1711 243 1774 Non
267 1721 349 1774 earet
372 1713 479 1775 effectu
503 1714 582 1792 quod
604 1714 727 1774 voluere
750 1713 818 1774 duo.

128 1797 199 1859 Non
223 1796 312 1858 deber
333 1815 382 1858 res
403 1801 435 1858 in
458 1798 564 1858 Heleni
586 1797 751 1859 subsistere
773 1796 876 1866 verbo,

177 1881 322 1951 Deterret,
347 1899 435 1960 saepe
458 1889 557 1942 terror
579 1881 692 1943 bonore
716 1891 807 1942 earet.

129 1965 304 2043 Degeneres
326 1967 478 2044 trepidant
500 1967 590 2027 animi
612 1965 773 2045 pejoraque
795 1973 924 2034 versant,
1052 1975 1113 2024 395·

177 2049 337 2111 liat'mare
359 2068 449 2131 saepe
471 2060 576 2119 metus,
601 2051 680 2111 nulla
703 2050 815 2131 periola
839 2058 949 2111 tamen.

134 2134 301 2212 Desperare
324 2142 420 2205 nocet,
445 2134 567 2196 dubium
591 2135 708 2198 dimitte
731 2137 883 2196 timorem:

178 2218 273 2300 Saepe
296 2219 366 2281 lacit
384 2221 480 2295 metui
502 2237 562 2281 non
585 2220 870 2282 metuendametus.

135 2303 174 2364 Ut
195 2302 287 2364 verbo
310 2311 390 2365 stent
412 2303 618 2386 multalbrevi,
641 2308 734 2365 timor
756 2306 822 2383 ipse
845 2303 991 2365 malorum

178 2388 274 2467 Saepe
296 2406 495 2467 supervacuos
518 2392 597 2466 cogit
620 2387 730 2450 habere
754 2397 859 2449 metus.
1049 2395 1103 2446 400
1144 2462 1148 2471 ¹

127 2472 352 2550 ‚Aggrediamur
374 2490 460 2551 opus,
484 2472 558 2533 nihil
580 2472 808 2552 impenetrabile
830 2473 916 2540 lorti;

178 2556 330 2618 Audentes
353 2558 479 2636 legimus
503 2558 581 2636 quod
605 2560 685 2618 iuvat
707 2561 770 2636 ipse
793 2557 875 2617 deus.

126 2639 284 2703 *classibus
306 2648 340 2701 ut
361 2642 448 2703 sactis
472 2643 608 2722 pulsetur
631 2642 762 2709 Graecia,
788 2642 893 2702 manda

202 2843 261 2894 380.
282 2842 357 2897 dant.
426 2844 485 2894 384.
504 2860 518 2893 e
537 2845 660 2908 margine
679 2856 728 2908 pro
747 2839 872 2906 „trone“.
942 2842 1001 2894 398.
1021 2841 1103 2892 Ovid.

133 2907 225 2964 Amor.
242 2909 281 2975 H,
299 2913 323 2975 3,
344 2912 383 2961 16.
435 2912 495 2966 396.
507 2911 610 2962 Lucan.
629 2909 727 2960 Phars.
745 2908 793 2969 IV,
812 2910 846 2959 90
864 2913 916 2973 est,
935 2924 968 2958 ex
987 2924 1039 2974 quo
1057 2924 1104 2974 po·

135 2978 251 3027 suimus:
265 2979 356 3043 „trop
366 2977 459 3028 enim“
470 2993 519 3044 pro
530 2993 574 3028 au.
584 2982 654 3042 trep.
700 2977 759 3029 396.
769 2975 939 3042 Pamphilus.
952 2976 1026 3042 XLI,
1038 2993 1064 3028 v.
1079 2977 1102 3026 6.

49 3071 50 3074 ¹
128 3046 192 3098 397.
211 3045 254 3094 Ex
271 3045 408 3111 margine,
427 3047 486 3096 eod.
505 3060 640 3110 reperere
661 3041 714 3096 eir,
729 3042 866 3108 Pamphil.
885 3042 997 3106 XXXV,
1016 3045 1040 3096 3.

247 3111 395 3178 desperare
412 3117 504 3176 nocet,
523 3119 616 3164 votum
634 3110 713 3164 labor
731 3112 871 3177 improbus
888 3110 992 3177 implet.

132 3181 193 3230 998.
212 3178 301 3230 Areon.
319 3179 417 3232 Nevel.
435 3196 460 3245 p.
479 3182 538 3231 606.
556 3180 605 3230 lin.
624 3182 639 3231 'l
659 3181 694 3231 ab
712 3179 795 3232 infra.
885 3181 943 3230 399.
961 3181 1019 3230 400.
1038 3179 1103 3230 0νί-

133 3246 173 3296 dii
192 3251 260 3328 snut
273 3262 308 3297 ex
325 3248 404 3299 Pont.
425 3249 463 3310 11,
481 3250 506 3310 7,
526 3249 549 3298 5.
564 3249 589 3300 6.
641 3249 699 3302 401.
718 3246 798 3297 Alan.
815 3245 974 3298 halieland.
991 3245 1053 3296 Lib.
1065 3247 1102 3310 11,

133 3329 160 3378 Ρ,
178 3315 220 3396 2‘5'
240 3314 464 3446 hft'ggl'ediamur
482 3397 567 3447 opust
584 3338 681 3433 melior
700 3381 812 3432 fortuna
832 3385 972 3447 sequetur.

133 3449 191 3499 402.
208 3447 287 3515 Virg.
307 3449 375 3501 Aen.
396 3451 431 3513 X,
449 3451 509 3503 284.
