2616 4000
434 206 496 288 Lib.
516 205 561 256 Vl.
598 222 621 260 v.
643 207 770 258 73-104.

125 359 233 422 Missus
253 356 420 420 Alexander
444 366 489 419 est
510 365 539 419 te
561 358 713 427 suadente,
737 358 848 419 reversi

169 442 317 522 Tyndaris
339 451 385 504 est
403 441 507 522 juncta
529 460 584 522 per
606 450 656 503 tua
679 442 769 503 verba
792 441 887 503 thoro.

124 528 168 590 tn
192 546 252 590 non
274 530 387 590 Aeneas
409 525 524 589 Paridis
545 528 603 588 iuit
623 528 654 588 in
677 529 828 597 comitatu,
1059 535 1092 586 75

168 611 266 684 Quum
288 612 345 673 iuit
367 613 397 672 in
421 621 552 674 nostram
576 619 659 674 vecta
681 611 814 673 Lacaena
837 610 975 672 domum?

125 695 240 760 Proelia
263 704 342 760 mota
365 695 447 757 vides
471 703 500 757 et
523 699 627 758 lunera
649 694 730 758 mille
752 703 895 777 peremta,

167 780 334 843 Transtulit
355 779 413 842 huo
436 782 512 841 vires
534 782 659 842 Graecia
682 789 744 843 tota
766 799 849 848 suas;

125 867 280 928 lnnumeri
303 867 440 927 cecidere
463 866 555 926 duces
577 866 731 944 utriusque
754 863 896 934 cohortis,

151 951 248 1012 -Cum
265 949 353 1028 vulgo
375 949 449 1012 nulli
472 965 577 1010 mucro
599 951 734 1028 pepercit
757 948 839 1010 itero.
1053 959 1092 1008 80

125 1034 257 1097 Simalo
280 1043 351 1096 sunt
372 1036 428 1096 ista
450 1034 527 1096 mala
550 1037 620 1105 sint,
643 1033 721 1095 bona
744 1037 769 1096 si
791 1033 880 1103 bona,
904 1050 1004 1095 verum

167 1121 282 1181 Aeneas
306 1127 334 1181 et
356 1129 389 1180 tu
411 1117 635 1181 confabrieastis
657 1137 700 1180 ea.

124 1204 211 1266 Certe
233 1206 259 1264 si
282 1203 358 1264 maia
373 1212 460 1280 sunt,
483 1207 621 1266 incentor
644 1221 676 1265 es
697 1201 762 1284 ipse
784 1200 940 1272 malorum,

167 1289 268 1368 Deque
292 1289 375 1350 malis
397 1291 488 1350 tantis
506 1287 575 1368 jure
599 1289 749 1350 vocandus
771 1306 847 1349 eras.

124 1372 268 1434 Mortibus
291 1374 456 1435 innumeris
478 1391 533 1452 per
555 1382 584 1434 te
607 1374 665 1435 dua
687 1389 781 1450 regna
804 1379 939 1440 ruerunt,
1057 1379 1092 1430 85

116 1523 118 1528 ,
164 1457 198 1518 ln
222 1456 349 1519 nihilum
372 1475 427 1536 per
449 1467 478 1518 te
501 1455 590 1537 Troja
613 1456 733 1520 redacta
754 1459 843 1537 jacet.
945 1471 949 1477 ’

116 1542 218 1620 bigne
239 1559 294 1622 pro
317 1543 432 1604 meritis
454 1541 580 1603 deberes
604 1544 684 1604 vivus
706 1541 833 1612 humari,

165 1626 223 1688 Tot
245 1629 312 1707 quia
336 1625 467 1688 consiliis
488 1628 631 1688 interiere
653 1629 728 1697 tuis;

122 1710 185 1772 Neo
206 1711 300 1772 refert
322 1729 360 1772 an
383 1713 423 1772 sis
444 1711 570 1773 mediata
593 1709 639 1771 vel
664 1710 835 1772 immediata

165 1796 259 1856 Causa
281 1795 360 1863 mali,
384 1795 446 1856 sola
467 1794 515 1856 lex
538 1796 573 1857 ad
599 1804 758 1872 utrumque
781 1795 862 1855 iacit.
1057 1803 1091 1853 90
1115 1833 1123 1848 .

122 1880 188 1941 Non
204 1897 243 1940 -es
266 1897 364 1950 eausa,
387 1880 439 1940 sed
463 1898 494 1945 es
518 1880 602 1942 uobis
624 1881 742 1940 occasio
764 1879 909 1959 quaedam

165 1962 334 2036 Bellorum;
358 1983 418 2025 uon
441 1983 473 2024 es
495 1982 587 2032 arma,
610 1965 663 2026 sed
685 1982 767 2025 arma
790 1981 920 2027 movens,

123 2047 261 2110 Consiliis
283 2048 358 2117 istis,
381 2050 407 2108 si
430 2065 514 2109 mens
536 2067 595 2109 non
618 2048 699 2110 laeva
722 2047 836 2116 inisset,

166 2133 337 2195 Debuerant
358 2151 446 2204 aures¹
469 2132 647 2194 abstinuisse
669 2150 762 2194 meae.

123 2217 154 2278 Si
177 2217 253 2278 bona
276 2225 346 2280 sunt
368 2220 433 2285 ista,
457 2235 549 2297 quare
571 2219 690 2300 flexisse
713 2216 824 2279 rideris
967 2238 974 2244 ·
1056 2229 1090 2278 95

167 2303 355 2382 Propositum
379 2303 466 2363 citius
488 2321 503 2364 a
527 2302 659 2364 bonitate
681 2320 800 2381 repens

123 2387 259 2455 Vinceris
281 2386 330 2447 hic
349 2384 418 2464 jure
440 2390 610 2448 contrarius
630 2389 675 2447 ire
697 2387 801 2466 priori,

166 2470 336 2532 Dissolruut
357 2480 488 2532 veterem
509 2470 569 2551 jam
594 2489 667 2533 nora
690 2470 778 2531 verba
802 2471 901 2534 tidem.

125 2554 189 2626 Quo
212 2563 328 2617 teneam
351 2555 430 2617 nodo
453 2562 615 2616 mutantem
637 2555 742 2617 Protea
766 2556 883 2618 vultus?

166 2641 208 2701 lie
231 2640 342 2719 duplici
364 2639 457 2701 verbo
481 2641 574 2719 turpis
597 2638 724 2701 babetur
746 2638 843 2700 bomo.
1041 2651 1091 2700 100

122 2724 308 2804 Propositum
331 2724 461 2804 sepelire
484 2722 595 2785 bonum
619 2742 677 2785 non
701 2723 833 2785 arbitror
856 2743 982 2806 aequum

163 2812 222 2870 Aut
243 2808 341 2870 clarae
363 2809 431 2870 fidei
455 2808 558 2869 fraude
581 2811 701 2886 nigrare
723 2815 843 2870 statum.
864 2855 867 2858 -

123 2891 186 2954 Non
210 2895 271 2954 avis
292 2892 407 2954 utiliter
430 2894 546 2954 viscatis
569 2893 674 2972 elingit
696 2892 761 2962 alis,

165 2977 231 3038 Non
253 2977 330 3038 bene
353 2978 390 3038 de
412 2977 486 3039 laxis
507 2977 622 3038 retibus
644 2980 706 3040 erit
728 2996 809 3057 aper.

127 3134 324 3146 —u——ua—-n——n

123 3230 161 3280 73.
179 3227 265 3281 schol
285 3243 324 3279 se.
343 3229 503 3280 Alexandri.
573 3232 613 3280 74.
631 3229 719 3286 sehol.
737 3230 855 3281 Heleno.
917 3232 958 3280 76.
977 3231 1044 3282 Lae.
1063 3249 1087 3287 e.

121 3297 244 3362 margine
263 3311 313 3361 pro
330 3295 420 3347 leena.
457 3296 547 3350 Sobel.
566 3297 685 3348 Helena.
742 3299 801 3352 100.
819 3297 916 3351 Arion.
935 3298 1036 3363 XX1X‚
1055 3303 1090 3349 24

298 3363 354 3415 Hie
372 3365 425 3415 erit
442 3364 558 3428 invisus,
578 3365 644 3414 bins
662 3364 736 3430 quod
755 3379 802 3416 ora
821 3370 907 3430 gerat.

123 3431 177 3484 103.
197 3429 250 3480 alit
268 3446 318 3495 pro
335 3431 397 3482 slis.
460 3433 518 3482 103.
537 3435 562 3482 4.
587 3429 681 3483 Ovidii
699 3437 764 3484 sunt
781 3434 833 3484 Ars
850 3432 909 3488 Am.
927 3434 957 3497 1,
976 3435 1033 3484 391.
1054 3435 1086 3484 92

122 3500 168 3560 qui
185 3502 279 3549 tamen
298 3514 346 3564 pro
364 3499 482 3562 retibus,
502 3499 626 3551 cassibus
644 3498 737 3552 habat.
