2616 3980
1032 240 1053 306 5

149 399 217 460 Non
240 403 363 476 propter
386 393 506 473 'frojam
529 393 691 474 lrojauum
714 393 846 456 scribere
870 395 982 458 bellum

141 483 154 516 '·
193 483 251 542 hut
273 480 432 559 Phrygium
456 481 542 559 coepi
565 479 726 554 sollicitare
749 479 865 560 stylum,

151 567 209 628 Sed
232 566 338 628 ductus
360 565 482 625 meliore
505 565 550 624 via
573 582 763 643 compescere
785 582 892 644 pravos

193 651 230 712 lit
250 668 370 711 servare
391 649 440 710 dei
462 647 524 710 vult
543 649 575 709 in
599 668 700 711 amore
723 651 795 728 pios.

150 737 240 798 Grata
263 733 391 798 medulla
413 733 484 796 latet
506 736 588 795 omni
610 733 665 795 sub
689 735 799 796 cortice
822 752 923 795 rerum

191 821 228 882 Et
249 819 389 882 nucleum
412 818 489 880 celat
511 817 594 880 arida
616 825 690 880 testa
713 817 837 880 bonum.

149 905 210 968 Nos
232 905 320 966 docet
341 903 475 964 Herodes
498 906 576 965 sicut
598 902 724 984 baptista
747 904 878 965 loannes

192 990 299 1051 Erudit
321 987 371 1050 ille
394 989 497 1058 bonos,
521 988 639 1050 territat
661 988 710 1049 ille
733 989 836 1050 malos.

171 1075 261 1136 Teste
285 1075 371 1136 etiam
388 1073 545 1135 Aristotele
568 1073 678 1135 malum
703 1086 761 1134 uon
777 1081 875 1153 potest
891 1075 978 1135 vitari
992 1077 1052 1136 nisi

87 1161 256 1239 cognitum:
280 1158 358 1220 malo
382 1157 528 1239 siquidem
552 1160 670 1237 cognito
693 1157 762 1219 leliu
785 1167 830 1220 est
853 1160 903 1236 qui
925 1157 1054 1220 declinat

85 1265 102 1306 a
126 1244 203 1307 malo
226 1244 348 1305 etfacit
370 1243 480 1304 bonum
506 1251 535 1304 et
557 1245 608 1322 qui
630 1241 764 1304 aliorum
778 1261 880 1304 casum
903 1243 961 1306 sibi
982 1262 1052 1304 cou-

85 1331 184 1391 stituit
205 1329 433 1390 firmamentum.
479 1325 647 1407 Horatius¹)

152 1413 246 1484 Felix,
271 1431 359 1494 quem
383 1413 496 1474 iaciunt
518 1413 612 1474 aliena
635 1411 767 1489 pericula
790 1420 910 1474 cautum

85 1508 115 1560 et
136 1499 277 1576 Virgilius
302 1497 425 1579 [Georg.
449 1497 483 1565 ll,
506 1493 571 1560 490
592 1492 668 1582 sqq]

131 1582 235 1660 'Felix
258 1584 307 1660 qui
329 1585 425 1661 potuit
447 1599 549 1642 rerum
573 1599 754 1660 cognoscere
777 1600 894 1652 causas;

149 1670 244 1748 dique
266 1675 364 1728 metus
387 1684 489 1728 omnes
513 1674 543 1727 et
565 1665 748 1728 inexorabile
772 1666 864 1728 iatum

150 1751 282 1831 Subjecit
303 1751 444 1832 pedibus;
518 1757 521 1763 '

172 1837 270 1898 once,
286 1845 316 1898 et
343 1835 419 1897 liber
447 1837 503 1896 iste
530 1835 625 1897 ethice
649 1837 792 1910 sumitur,
821 1836 889 1913 quia
912 1837 982 1897 vitia
1004 1853 1054 1897 re-

86 1920 277 2002 prehendens
300 1929 330 1982 et
352 1919 389 1983 ab
413 1920 459 1981 his
481 1920 632 1982 auditores
654 1920 824 1981 absterreus
840 1921 921 2001 ipsos
942 1920 977 1981 ad
996 1924 1055 1981 vir⁴

88 2015 183 2066 tutum
206 2007 347 2067 exercitia
371 2005 553 2067 cohortatur.
600 2003 802 2082 Reprehendit
821 2006 900 2066 enim
924 2006 954 2064 in
972 2003 1053 2066 Pelia

88 2089 242 2160 invidiam,
264 2093 294 2152 in
319 2087 426 2152 l‘a'ride
449 2098 478 2151 et
499 2091 613 2152 Helena
636 2088 839 2170 petulantiam,
863 2091 896 2150 iu
917 2107 1053 2170 pugnan-

88 2172 168 2235 tibus
190 2175 406 2244 truculentiam,
431 2177 462 2235 in
484 2174 642 2237 Palamede
657 2173 860 2243 ambitionem,
884 2174 915 2235 in
930 2169 1054 2236 Hecuba

88 2259 288 2334 dolositatem,
320 2261 350 2320 in
378 2262 477 2320 herrea
505 2266 534 2320 et
562 2261 654 2322 sociis
681 2260 742 2320 suis
763 2259 919 2340 perfidiam
943 2267 972 2320 et
994 2266 1054 2321 tra·

88 2345 244 2414 ditionem,
269 2345 299 2404 in
323 2353 450 2421 utroque
474 2346 606 2405 exercitu
630 2347 716 2416 iram,
741 2344 842 2405 odium
866 2352 894 2404 et
909 2345 1054 2416 furorem.

85 2430 124 2490 Et
153 2448 188 2490 ex
215 2427 271 2489 hoc
295 2429 411 2490 ethicae
434 2429 541 2490 merito
564 2431 691 2490 sumitur
720 2427 798 2506 qood
827 2429 944 2489 ratione
966 2446 1054 2508 prae·

85 2513 165 2575 dicta
197 2530 316 2574 morum
344 2522 388 2572 est
416 2520 445 2572 et
473 2513 621 2574 bonorum
650 2531 775 2592 operum
803 2515 995 2584 instructius,
1026 2520 1055 2573 et

88 2597 168 2678 quod
191 2615 263 2658 voce
286 2596 457 2676 philosophi
478 2596 641 2676 jucundum
666 2596 741 2659 nihil
757 2605 809 2668 est,
834 2598 893 2658 nisi
907 2597 986 2678 quod
1007 2615 1054 2657 re·

86 2683 316 2744 neit-varietas.
360 2684 470 2743 ductor
503 2681 583 2743 idem
617 2700 692 2761 opus
724 2700 776 2743 sex
812 2681 1055 2743 distinctionibus

84 2767 318 2837 variavit,‘tum
346 2785 401 2846 pro
430 2786 463 2828 eo
488 2773 523 2827 ut
538 2767 717 2839 ‘auditorem
739 2766 870 2846 brevitas
892 2767 1055 2828 instrueret

85 2849 212 2920 facilius,
236 2869 304 2911 cum
327 2867 383 2941 pro
407 2869 442 2911 eo
466 2858 498 2911 ut
513 2850 674 2921 idemtitas,
697 2869 772 2932 quae
788 2868 857 2912 rara
877 2859 922 2912 est
937 2853 1053 2920 satiata,

84 2935 204 3014 legendi
227 2933 357 2997 taedium
380 2953 440 2997 nou
463 2935 599 2997 inferret.

172 3020 205 3080 ln
234 3018 331 3082 fronte
360 3018 520 3099 cujuslibet
554 3019 754 3082 distinctionis
782 3017 922 3097 generale
954 3019 1056 3098 posuit

85 3104 165 3166 illius
195 3109 223 3164 et
251 3101 330 3165 illius
360 3103 551 3185 proverbium
574 3106 691 3166 leniore
714 3104 817 3174 modo,
847 3104 926 3184 quod
951 3103 1054 3165 eadem

85 3190 220 3250 continet
249 3187 401 3250 distinctio
434 3185 575 3262 nobiliter
608 3193 857 3270 impraegnatum.
899 3188 995 3249 Etiam
1023 3190 1055 3250 iu

87 3275 185 3354 capite
207 3271 278 3334 libri
301 3272 449 3352 quoddam
479 3271 670 3376 proverbium
692 3273 802 3352 Ovidii,
832 3272 909 3353 quod
939 3276 1055 3354 specia·
1149 3266 1155 3270 ’

98 3494 102 3504 ·
155 3473 183 3536 1)
201 3474 281 3530 Haec
298 3490 353 3526 non
372 3475 445 3541 apud
464 3473 624 3537 Horatium,
643 3475 765 3526 fortasse
777 3474 866 3526 nostri
878 3479 941 3525 suut
955 3478 983 3526 et
994 3475 1059 3525 imi·
1131 3465 1135 3471 ¹

85 3543 158 3594 tatio
171 3541 295 3594 Plautini
308 3543 386 3593 dicti:
406 3543 539 3593 Feliciter
552 3544 634 3608 sapit,
652 3541 699 3607 qui
712 3541 803 3594 alieno
825 3541 948 3610 periculo
969 3545 1055 3609 sapit.
