<?xml version="1.0" encoding="UTF-8"?>
<!DOCTYPE html PUBLIC "-//W3C//DTD XHTML 1.0 Transitional//EN"
    "http://www.w3.org/TR/xhtml1/DTD/xhtml1-transitional.dtd">
<html xmlns="http://www.w3.org/1999/xhtml" xml:lang="en" lang="en">
 <head>
  <title>
</title>
<meta http-equiv="Content-Type" content="text/html;charset=utf-8" />
  <meta name='ocr-system' content='tesseract 3.04.00' />
  <meta name='ocr-capabilities' content='ocr_page ocr_carea ocr_par ocr_line ocrx_word'/>
</head>
<body>
  <div class='ocr_page' id='page_1' title='image "./troilusalbertis00albegoog_0211.png"; bbox 0 0 2616 4000; ppageno 0'>
   <div class='ocr_carea' id='block_1_1' title="bbox 261 183 918 275">
    <p class='ocr_par' dir='ltr' id='par_1_1' title="bbox 261 183 918 275">
     <span class='ocr_line' id='line_1_1' title="bbox 261 183 918 275; baseline -0.012 -8"><span class='ocrx_word' id='word_1_1' title='bbox 261 183 321 275; x_wconf 78' lang='lat'><strong>192</strong></span> <span class='ocrx_word' id='word_1_2' title='bbox 559 211 622 264; x_wconf 73' lang='lat' dir='ltr'><strong>nra.</strong></span> <span class='ocrx_word' id='word_1_3' title='bbox 642 212 690 261; x_wconf 84' lang='lat' dir='ltr'><strong>vr.</strong></span> <span class='ocrx_word' id='word_1_4' title='bbox 727 227 753 264; x_wconf 85' lang='lat' dir='ltr'><strong>v.</strong></span> <span class='ocrx_word' id='word_1_5' title='bbox 772 211 918 268; x_wconf 42' lang='lat' dir='ltr'><strong>nemaeo,</strong></span> 
     </span>
    </p>
   </div>
   <div class='ocr_carea' id='block_1_2' title="bbox 258 362 1093 675">
    <p class='ocr_par' dir='ltr' id='par_1_2' title="bbox 258 362 1013 524">
     <span class='ocr_line' id='line_1_2' title="bbox 258 362 1013 442; baseline -0.005 -18"><span class='ocrx_word' id='word_1_6' title='bbox 258 365 315 424; x_wconf 85' lang='lat' dir='ltr'><strong>Tot</strong></span> <span class='ocrx_word' id='word_1_7' title='bbox 336 363 439 442; x_wconf 87' lang='lat' dir='ltr'><strong>positis</strong></span> <span class='ocrx_word' id='word_1_8' title='bbox 461 362 593 422; x_wconf 86' lang='lat' dir='ltr'><strong>numeris</strong></span> <span class='ocrx_word' id='word_1_9' title='bbox 616 363 703 436; x_wconf 82' lang='lat' dir='ltr'><strong>etlam</strong></span> <span class='ocrx_word' id='word_1_10' title='bbox 726 362 1013 441; x_wconf 81' lang='lat' dir='ltr'><strong>tortasse-requiris,</strong></span> 
     </span>
     <span class='ocr_line' id='line_1_3' title="bbox 302 445 982 524; baseline -0.004 -16"><span class='ocrx_word' id='word_1_11' title='bbox 302 449 431 508; x_wconf 79' lang='lat' dir='ltr'><strong>Currere</strong></span> <span class='ocrx_word' id='word_1_12' title='bbox 454 446 607 507; x_wconf 88' lang='lat' dir='ltr'><strong>versieulis</strong></span> <span class='ocrx_word' id='word_1_13' title='bbox 629 455 701 524; x_wconf 88' lang='lat' dir='ltr'><strong>quot</strong></span> <span class='ocrx_word' id='word_1_14' title='bbox 724 445 799 508; x_wconf 89' lang='lat' dir='ltr'><strong>liber</strong></span> <span class='ocrx_word' id='word_1_15' title='bbox 821 447 876 505; x_wconf 86' lang='lat' dir='ltr'><strong>iste</strong></span> <span class='ocrx_word' id='word_1_16' title='bbox 900 445 982 505; x_wconf 87' lang='lat' dir='ltr'><strong>velit:</strong></span> 
     </span>
    </p>

    <p class='ocr_par' dir='ltr' id='par_1_3' title="bbox 258 528 1093 675">
     <span class='ocr_line' id='line_1_4' title="bbox 258 528 998 608; baseline -0.005 -16"><span class='ocrx_word' id='word_1_17' title='bbox 258 531 309 592; x_wconf 88' lang='lat' dir='ltr'><strong>Bis</strong></span> <span class='ocrx_word' id='word_1_18' title='bbox 331 530 416 591; x_wconf 87' lang='lat' dir='ltr'><strong>denis</strong></span> <span class='ocrx_word' id='word_1_19' title='bbox 438 529 513 590; x_wconf 85' lang='lat' dir='ltr'><strong>addo</strong></span> <span class='ocrx_word' id='word_1_20' title='bbox 537 539 723 590; x_wconf 87' lang='lat' dir='ltr'><strong>tercentum</strong></span> <span class='ocrx_word' id='word_1_21' title='bbox 747 528 835 590; x_wconf 85' lang='lat' dir='ltr'><strong>nrillia</strong></span> <span class='ocrx_word' id='word_1_22' title='bbox 859 530 998 608; x_wconf 87' lang='lat' dir='ltr'><strong>quinque,</strong></span> 
     </span>
     <span class='ocr_line' id='line_1_5' title="bbox 303 614 1093 675; baseline -0.003 -1"><span class='ocrx_word' id='word_1_23' title='bbox 303 614 365 674; x_wconf 81' lang='lat' dir='ltr'><strong>Hoc</strong></span> <span class='ocrx_word' id='word_1_24' title='bbox 387 631 511 675; x_wconf 90' lang='lat' dir='ltr'><strong>numero</strong></span> <span class='ocrx_word' id='word_1_25' title='bbox 534 623 633 674; x_wconf 84' lang='lat' dir='ltr'><strong>tentus</strong></span> <span class='ocrx_word' id='word_1_26' title='bbox 657 617 769 674; x_wconf 83' lang='lat' dir='ltr'><strong>texitur</strong></span> <span class='ocrx_word' id='word_1_27' title='bbox 792 614 941 673; x_wconf 76' lang='lat' dir='ltr'><strong>historiae.</strong></span> <span class='ocrx_word' id='word_1_28' title='bbox 1092 616 1093 619; x_wconf 75' lang='grc'>’</span> 
     </span>
    </p>
   </div>
   <div class='ocr_carea' id='block_1_3' title="bbox 436 803 982 898">
    <p class='ocr_par' dir='ltr' id='par_1_4' title="bbox 436 803 982 898">
     <span class='ocr_line' id='line_1_6' title="bbox 436 803 982 898; baseline -0.009 -15"><span class='ocrx_word' id='word_1_29' title='bbox 436 889 438 898; x_wconf 12' lang='grc' dir='ltr'>χ</span> <span class='ocrx_word' id='word_1_30' title='bbox 501 803 769 898; x_wconf 74' lang='lat' dir='ltr'><strong>[nonenoeane</strong></span> <span class='ocrx_word' id='word_1_31' title='bbox 789 825 982 896; x_wconf 74' lang='lat' dir='ltr'><strong>Hanunea]</strong></span> 
     </span>
    </p>
   </div>
   <div class='ocr_carea' id='block_1_4' title="bbox 205 946 1226 2786">
    <p class='ocr_par' dir='ltr' id='par_1_5' title="bbox 259 946 1072 1116">
     <span class='ocr_line' id='line_1_7' title="bbox 259 946 997 1028; baseline -0.007 -16"><span class='ocrx_word' id='word_1_32' title='bbox 259 951 282 1012; x_wconf 79' lang='grc' dir='ltr'>Α</span> <span class='ocrx_word' id='word_1_33' title='bbox 306 951 428 1028; x_wconf 83' lang='lat' dir='ltr'><strong>eampis,</strong></span> <span class='ocrx_word' id='word_1_34' title='bbox 451 948 504 1010; x_wconf 89' lang='lat' dir='ltr'><strong>ubi</strong></span> <span class='ocrx_word' id='word_1_35' title='bbox 525 946 613 1025; x_wconf 86' lang='lat' dir='ltr'><strong>Troja</strong></span> <span class='ocrx_word' id='word_1_36' title='bbox 637 950 703 1016; x_wconf 87' lang='lat' dir='ltr'><strong>luit,</strong></span> <span class='ocrx_word' id='word_1_37' title='bbox 728 947 880 1009; x_wconf 84' lang='lat' dir='ltr'><strong>discedere</strong></span> <span class='ocrx_word' id='word_1_38' title='bbox 901 949 997 1010; x_wconf 85' lang='lat' dir='ltr'><strong>viator</strong></span> 
     </span>
     <span class='ocr_line' id='line_1_8' title="bbox 302 1031 1072 1116; baseline -0.004 -20"><span class='ocrx_word' id='word_1_39' title='bbox 302 1034 416 1112; x_wconf 83' lang='lat' dir='ltr'><strong>Cogitat</strong></span> <span class='ocrx_word' id='word_1_40' title='bbox 438 1040 468 1092; x_wconf 86' lang='lat' dir='ltr'><strong>el</strong></span> <span class='ocrx_word' id='word_1_41' title='bbox 489 1034 640 1111; x_wconf 82' lang='lat' dir='ltr'><strong>propriam</strong></span> <span class='ocrx_word' id='word_1_42' title='bbox 664 1035 759 1092; x_wconf 84' lang='lat' dir='ltr'><strong>visere</strong></span> <span class='ocrx_word' id='word_1_43' title='bbox 779 1033 912 1093; x_wconf 17' lang='lat' dir='ltr'><strong>&#39;Graecus</strong></span> <span class='ocrx_word' id='word_1_44' title='bbox 934 1031 1072 1116; x_wconf 82' lang='lat' dir='ltr'><strong>humum:</strong></span> 
     </span>
    </p>

    <p class='ocr_par' dir='ltr' id='par_1_6' title="bbox 260 1115 1068 1278">
     <span class='ocr_line' id='line_1_9' title="bbox 260 1115 1006 1194; baseline -0.003 -17"><span class='ocrx_word' id='word_1_45' title='bbox 260 1116 334 1180; x_wconf 81' lang='lat' dir='ltr'><strong>Tota</strong></span> <span class='ocrx_word' id='word_1_46' title='bbox 357 1115 519 1186; x_wconf 85' lang='lat' dir='ltr'><strong>ierebatur,</strong></span> <span class='ocrx_word' id='word_1_47' title='bbox 543 1133 700 1177; x_wconf 87' lang='lat' dir='ltr'><strong>numerum</strong></span> <span class='ocrx_word' id='word_1_48' title='bbox 724 1131 799 1192; x_wconf 83' lang='lat' dir='ltr'><strong>quaa</strong></span> <span class='ocrx_word' id='word_1_49' title='bbox 822 1117 905 1194; x_wconf 86' lang='lat' dir='ltr'><strong>copia</strong></span> <span class='ocrx_word' id='word_1_50' title='bbox 928 1116 1006 1184; x_wconf 87' lang='lat' dir='ltr'><strong>vicit,</strong></span> 
     </span>
     <span class='ocr_line' id='line_1_10' title="bbox 302 1199 1068 1278; baseline -0.003 -17"><span class='ocrx_word' id='word_1_51' title='bbox 302 1201 345 1261; x_wconf 80' lang='lat' dir='ltr'><strong>bd</strong></span> <span class='ocrx_word' id='word_1_52' title='bbox 368 1199 496 1261; x_wconf 87' lang='lat' dir='ltr'><strong>latebras</strong></span> <span class='ocrx_word' id='word_1_53' title='bbox 519 1202 626 1261; x_wconf 90' lang='lat' dir='ltr'><strong>ratium</strong></span> <span class='ocrx_word' id='word_1_54' title='bbox 650 1200 758 1278; x_wconf 91' lang='lat' dir='ltr'><strong>praeda</strong></span> <span class='ocrx_word' id='word_1_55' title='bbox 781 1199 913 1260; x_wconf 86' lang='lat' dir='ltr'><strong>vehenda</strong></span> <span class='ocrx_word' id='word_1_56' title='bbox 936 1199 1068 1260; x_wconf 91' lang='lat' dir='ltr'><strong>domurn.</strong></span> 
     </span>
    </p>

    <p class='ocr_par' dir='ltr' id='par_1_7' title="bbox 261 1281 937 1446">
     <span class='ocr_line' id='line_1_11' title="bbox 261 1281 937 1345; baseline -0.001 0"><span class='ocrx_word' id='word_1_57' title='bbox 261 1283 407 1345; x_wconf 81' lang='lat' dir='ltr'><strong>Redditur</strong></span> <span class='ocrx_word' id='word_1_58' title='bbox 430 1285 543 1344; x_wconf 89' lang='lat' dir='ltr'><strong>interea</strong></span> <span class='ocrx_word' id='word_1_59' title='bbox 565 1283 698 1344; x_wconf 80' lang='lat' dir='ltr'><strong>Menelao</strong></span> <span class='ocrx_word' id='word_1_60' title='bbox 721 1291 801 1344; x_wconf 84' lang='lat' dir='ltr'><strong>casta</strong></span> <span class='ocrx_word' id='word_1_61' title='bbox 825 1281 937 1344; x_wconf 82' lang='lat' dir='ltr'><strong>locusta</strong></span> 
     </span>
     <span class='ocr_line' id='line_1_12' title="bbox 303 1365 882 1446; baseline -0.003 -18"><span class='ocrx_word' id='word_1_62' title='bbox 303 1368 457 1428; x_wconf 84' lang='lat' dir='ltr'><strong>Deteriore</strong></span> <span class='ocrx_word' id='word_1_63' title='bbox 480 1375 556 1428; x_wconf 85' lang='lat' dir='ltr'><strong>statu</strong></span> <span class='ocrx_word' id='word_1_64' title='bbox 579 1376 684 1446; x_wconf 81' lang='lat' dir='ltr'><strong>sponte</strong></span> <span class='ocrx_word' id='word_1_65' title='bbox 704 1365 801 1444; x_wconf 88' lang='lat' dir='ltr'><strong>jocata</strong></span> <span class='ocrx_word' id='word_1_66' title='bbox 824 1367 882 1427; x_wconf 91' lang='lat' dir='ltr'><strong>diu.</strong></span> 
     </span>
    </p>

    <p class='ocr_par' dir='ltr' id='par_1_8' title="bbox 260 1451 1045 1615">
     <span class='ocr_line' id='line_1_13' title="bbox 260 1451 1045 1530; baseline -0.005 -17"><span class='ocrx_word' id='word_1_67' title='bbox 260 1453 402 1513; x_wconf 83' lang='lat' dir='ltr'><strong>Foomina</strong></span> <span class='ocrx_word' id='word_1_68' title='bbox 425 1452 513 1527; x_wconf 83' lang='lat' dir='ltr'><strong>digna</strong></span> <span class='ocrx_word' id='word_1_69' title='bbox 536 1453 612 1510; x_wconf 89' lang='lat' dir='ltr'><strong>mori</strong></span> <span class='ocrx_word' id='word_1_70' title='bbox 634 1451 806 1512; x_wconf 74' lang='lat' dir='ltr'><strong>redamatus</strong></span> <span class='ocrx_word' id='word_1_71' title='bbox 828 1470 929 1512; x_wconf 90' lang='lat' dir='ltr'><strong>amore</strong></span> <span class='ocrx_word' id='word_1_72' title='bbox 952 1452 1045 1530; x_wconf 83' lang='lat' dir='ltr'><strong>priori</strong></span> 
     </span>
     <span class='ocr_line' id='line_1_14' title="bbox 299 1533 836 1615; baseline 0 -19"><span class='ocrx_word' id='word_1_73' title='bbox 299 1534 424 1596; x_wconf 80' lang='lat' dir='ltr'><strong>Reddita</strong></span> <span class='ocrx_word' id='word_1_74' title='bbox 448 1536 562 1601; x_wconf 80' lang='lat' dir='ltr'><strong>violari</strong></span> <span class='ocrx_word' id='word_1_75' title='bbox 579 1533 747 1615; x_wconf 83' lang='lat' dir='ltr'><strong>delitiisque</strong></span> <span class='ocrx_word' id='word_1_76' title='bbox 769 1537 836 1596; x_wconf 88' lang='lat' dir='ltr'><strong>tori.</strong></span> 
     </span>
    </p>

    <p class='ocr_par' dir='ltr' id='par_1_9' title="bbox 262 1618 1049 1780">
     <span class='ocr_line' id='line_1_15' title="bbox 262 1618 1049 1698; baseline -0.001 -20"><span class='ocrx_word' id='word_1_77' title='bbox 262 1619 353 1679; x_wconf 87' lang='lat' dir='ltr'><strong>Saeva</strong></span> <span class='ocrx_word' id='word_1_78' title='bbox 377 1618 455 1698; x_wconf 90' lang='lat' dir='ltr'><strong>quod</strong></span> <span class='ocrx_word' id='word_1_79' title='bbox 479 1619 588 1688; x_wconf 84' lang='lat' dir='ltr'><strong>evadis,</strong></span> <span class='ocrx_word' id='word_1_80' title='bbox 610 1636 669 1679; x_wconf 91' lang='lat' dir='ltr'><strong>non</strong></span> <span class='ocrx_word' id='word_1_81' title='bbox 692 1618 801 1678; x_wconf 87' lang='lat' dir='ltr'><strong>tradita</strong></span> <span class='ocrx_word' id='word_1_82' title='bbox 824 1626 924 1678; x_wconf 85' lang='lat' dir='ltr'><strong>cetera</strong></span> <span class='ocrx_word' id='word_1_83' title='bbox 946 1618 1049 1686; x_wconf 88' lang='lat' dir='ltr'><strong>tradis,</strong></span> 
     </span>
     <span class='ocr_line' id='line_1_16' title="bbox 302 1700 1044 1780; baseline -0.005 -16"><span class='ocrx_word' id='word_1_84' title='bbox 302 1703 362 1764; x_wconf 86' lang='lat' dir='ltr'><strong>Cur</strong></span> <span class='ocrx_word' id='word_1_85' title='bbox 384 1721 435 1762; x_wconf 89' lang='lat' dir='ltr'><strong>rea</strong></span> <span class='ocrx_word' id='word_1_86' title='bbox 458 1709 490 1763; x_wconf 91' lang='lat' dir='ltr'><strong>lu</strong></span> <span class='ocrx_word' id='word_1_87' title='bbox 514 1702 604 1763; x_wconf 86' lang='lat' dir='ltr'><strong>cladis</strong></span> <span class='ocrx_word' id='word_1_88' title='bbox 626 1719 684 1770; x_wconf 82' lang='lat' dir='ltr'><strong>non</strong></span> <span class='ocrx_word' id='word_1_89' title='bbox 708 1719 824 1780; x_wconf 90' lang='lat' dir='ltr'><strong>quoque</strong></span> <span class='ocrx_word' id='word_1_90' title='bbox 848 1700 931 1761; x_wconf 85' lang='lat' dir='ltr'><strong>clade</strong></span> <span class='ocrx_word' id='word_1_91' title='bbox 954 1701 1044 1760; x_wconf 82' lang='lat' dir='ltr'><strong>cadis.</strong></span> 
     </span>
    </p>

    <p class='ocr_par' dir='ltr' id='par_1_10' title="bbox 260 1784 985 1950">
     <span class='ocr_line' id='line_1_17' title="bbox 260 1784 961 1863; baseline -0.004 -16"><span class='ocrx_word' id='word_1_92' title='bbox 260 1787 292 1847; x_wconf 92' lang='lat' dir='ltr'><strong>Si</strong></span> <span class='ocrx_word' id='word_1_93' title='bbox 314 1787 409 1847; x_wconf 80' lang='lat' dir='ltr'><strong>fueris</strong></span> <span class='ocrx_word' id='word_1_94' title='bbox 431 1785 500 1856; x_wconf 90' lang='lat' dir='ltr'><strong>lota,</strong></span> <span class='ocrx_word' id='word_1_95' title='bbox 524 1789 549 1847; x_wconf 93' lang='lat' dir='ltr'><strong>si</strong></span> <span class='ocrx_word' id='word_1_96' title='bbox 571 1784 628 1845; x_wconf 89' lang='lat' dir='ltr'><strong>vita</strong></span> <span class='ocrx_word' id='word_1_97' title='bbox 652 1803 779 1863; x_wconf 84' lang='lat' dir='ltr'><strong>sequens</strong></span> <span class='ocrx_word' id='word_1_98' title='bbox 803 1784 879 1862; x_wconf 82' lang='lat' dir='ltr'><strong>bona</strong></span> <span class='ocrx_word' id='word_1_99' title='bbox 902 1794 961 1844; x_wconf 83' lang='lat' dir='ltr'><strong>tota</strong></span> 
     </span>
     <span class='ocr_line' id='line_1_18' title="bbox 302 1869 985 1950; baseline -0.004 -20"><span class='ocrx_word' id='word_1_100' title='bbox 302 1870 367 1931; x_wconf 90' lang='lat' dir='ltr'><strong>Non</strong></span> <span class='ocrx_word' id='word_1_101' title='bbox 391 1871 450 1930; x_wconf 88' lang='lat' dir='ltr'><strong>eris</strong></span> <span class='ocrx_word' id='word_1_102' title='bbox 472 1872 582 1950; x_wconf 84' lang='lat' dir='ltr'><strong>ignota,</strong></span> <span class='ocrx_word' id='word_1_103' title='bbox 608 1885 666 1928; x_wconf 94' lang='lat' dir='ltr'><strong>non</strong></span> <span class='ocrx_word' id='word_1_104' title='bbox 690 1873 750 1928; x_wconf 82' lang='lat' dir='ltr'><strong>eris</strong></span> <span class='ocrx_word' id='word_1_105' title='bbox 772 1869 883 1949; x_wconf 86' lang='lat' dir='ltr'><strong>absque</strong></span> <span class='ocrx_word' id='word_1_106' title='bbox 905 1877 985 1928; x_wconf 82' lang='lat' dir='ltr'><strong>nota.</strong></span> 
     </span>
    </p>

    <p class='ocr_par' dir='ltr' id='par_1_11' title="bbox 260 1953 932 2116">
     <span class='ocr_line' id='line_1_19' title="bbox 260 1953 932 2021; baseline -0.006 -7"><span class='ocrx_word' id='word_1_107' title='bbox 260 1954 372 2014; x_wconf 83' lang='lat' dir='ltr'><strong>Rumor</strong></span> <span class='ocrx_word' id='word_1_108' title='bbox 394 1953 430 2014; x_wconf 90' lang='lat' dir='ltr'><strong>de</strong></span> <span class='ocrx_word' id='word_1_109' title='bbox 453 1956 547 2013; x_wconf 87' lang='lat' dir='ltr'><strong>veteri</strong></span> <span class='ocrx_word' id='word_1_110' title='bbox 570 1953 656 2014; x_wconf 80' lang='lat' dir='ltr'><strong>faciet</strong></span> <span class='ocrx_word' id='word_1_111' title='bbox 677 1961 800 2013; x_wconf 79' lang='lat' dir='ltr'><strong>ventura</strong></span> <span class='ocrx_word' id='word_1_112' title='bbox 824 1954 932 2021; x_wconf 82' lang='lat' dir='ltr'><strong>timeri,</strong></span> 
     </span>
     <span class='ocr_line' id='line_1_20' title="bbox 305 2037 923 2116; baseline -0.006 -18"><span class='ocrx_word' id='word_1_113' title='bbox 305 2037 377 2098; x_wconf 82' lang='lat' dir='ltr'><strong>Cras</strong></span> <span class='ocrx_word' id='word_1_114' title='bbox 398 2037 508 2116; x_wconf 88' lang='lat' dir='ltr'><strong>poteris</strong></span> <span class='ocrx_word' id='word_1_115' title='bbox 531 2037 594 2096; x_wconf 82' lang='lat' dir='ltr'><strong>beri</strong></span> <span class='ocrx_word' id='word_1_116' title='bbox 618 2037 729 2114; x_wconf 81' lang='lat' dir='ltr'><strong>perlida</strong></span> <span class='ocrx_word' id='word_1_117' title='bbox 753 2039 830 2097; x_wconf 89' lang='lat' dir='ltr'><strong>sicut</strong></span> <span class='ocrx_word' id='word_1_118' title='bbox 848 2037 923 2096; x_wconf 86' lang='lat' dir='ltr'><strong>heri.</strong></span> 
     </span>
    </p>

    <p class='ocr_par' dir='ltr' id='par_1_12' title="bbox 261 2118 1087 2284">
     <span class='ocr_line' id='line_1_21' title="bbox 261 2118 1087 2194; baseline -0.002 -13"><span class='ocrx_word' id='word_1_119' title='bbox 261 2119 326 2190; x_wconf 88' lang='lat' dir='ltr'><strong>Quo</strong></span> <span class='ocrx_word' id='word_1_120' title='bbox 348 2121 439 2181; x_wconf 88' lang='lat' dir='ltr'><strong>semel</strong></span> <span class='ocrx_word' id='word_1_121' title='bbox 463 2128 508 2180; x_wconf 87' lang='lat' dir='ltr'><strong>est</strong></span> <span class='ocrx_word' id='word_1_122' title='bbox 528 2118 642 2182; x_wconf 89' lang='lat' dir='ltr'><strong>imbuta</strong></span> <span class='ocrx_word' id='word_1_123' title='bbox 666 2137 782 2194; x_wconf 78' lang='lat' dir='ltr'><strong>recens,</strong></span> <span class='ocrx_word' id='word_1_124' title='bbox 805 2120 933 2180; x_wconf 85' lang='lat' dir='ltr'><strong>servabit</strong></span> <span class='ocrx_word' id='word_1_125' title='bbox 955 2119 1087 2187; x_wconf 69' lang='lat' dir='ltr'><strong>ociorem,</strong></span> 
     </span>
     <span class='ocr_line' id='line_1_22' title="bbox 302 2202 954 2284; baseline 0 -20"><span class='ocrx_word' id='word_1_126' title='bbox 302 2205 340 2264; x_wconf 84' lang='lat' dir='ltr'><strong>Ul</strong></span> <span class='ocrx_word' id='word_1_127' title='bbox 361 2206 443 2284; x_wconf 88' lang='lat' dir='ltr'><strong>quasi</strong></span> <span class='ocrx_word' id='word_1_128' title='bbox 467 2213 625 2265; x_wconf 80' lang='lat' dir='ltr'><strong>coneretus</strong></span> <span class='ocrx_word' id='word_1_129' title='bbox 647 2207 686 2264; x_wconf 85' lang='lat' dir='ltr'><strong>sit</strong></span> <span class='ocrx_word' id='word_1_130' title='bbox 708 2202 774 2270; x_wconf 90' lang='lat' dir='ltr'><strong>sibi,</strong></span> <span class='ocrx_word' id='word_1_131' title='bbox 796 2211 871 2265; x_wconf 87' lang='lat' dir='ltr'><strong>testa</strong></span> <span class='ocrx_word' id='word_1_132' title='bbox 895 2203 954 2264; x_wconf 86' lang='lat' dir='ltr'><strong>diu.</strong></span> 
     </span>
    </p>

    <p class='ocr_par' dir='ltr' id='par_1_13' title="bbox 261 2286 1025 2366">
     <span class='ocr_line' id='line_1_23' title="bbox 261 2286 1025 2366; baseline -0.001 -18"><span class='ocrx_word' id='word_1_133' title='bbox 261 2287 346 2358; x_wconf 81' lang='lat' dir='ltr'><strong>Quod</strong></span> <span class='ocrx_word' id='word_1_134' title='bbox 370 2287 479 2366; x_wconf 88' lang='lat' dir='ltr'><strong>pubem</strong></span> <span class='ocrx_word' id='word_1_135' title='bbox 502 2288 580 2348; x_wconf 79' lang='lat' dir='ltr'><strong>uirus</strong></span> <span class='ocrx_word' id='word_1_136' title='bbox 601 2287 767 2358; x_wconf 83' lang='lat' dir='ltr'><strong>macularit,</strong></span> <span class='ocrx_word' id='word_1_137' title='bbox 791 2296 876 2348; x_wconf 84' lang='lat' dir='ltr'><strong>canet</strong></span> <span class='ocrx_word' id='word_1_138' title='bbox 891 2289 929 2347; x_wconf 78' lang='lat' dir='ltr'><strong>&#39;in</strong></span> <span class='ocrx_word' id='word_1_139' title='bbox 951 2286 1025 2355; x_wconf 90' lang='lat' dir='ltr'><strong>illis;</strong></span> 
     </span>
    </p>

    <p class='ocr_par' dir='ltr' id='par_1_14' title="bbox 205 2371 973 2448">
     <span class='ocr_line' id='line_1_24' title="bbox 205 2371 973 2448; baseline 0 -17"><span class='ocrx_word' id='word_1_140' title='bbox 205 2395 208 2407; x_wconf 90' lang='grc'><strong><em>·</em></strong></span> <span class='ocrx_word' id='word_1_141' title='bbox 307 2372 339 2431; x_wconf 94' lang='lat' dir='ltr'><strong>ln</strong></span> <span class='ocrx_word' id='word_1_142' title='bbox 361 2371 471 2448; x_wconf 85' lang='lat' dir='ltr'><strong>quibus</strong></span> <span class='ocrx_word' id='word_1_143' title='bbox 493 2378 522 2430; x_wconf 84' lang='lat' dir='ltr'><strong>el</strong></span> <span class='ocrx_word' id='word_1_144' title='bbox 544 2379 639 2446; x_wconf 83' lang='lat' dir='ltr'><strong>canet,</strong></span> <span class='ocrx_word' id='word_1_145' title='bbox 663 2373 873 2432; x_wconf 84' lang='lat' dir='ltr'><strong>convenienter</strong></span> <span class='ocrx_word' id='word_1_146' title='bbox 896 2371 973 2440; x_wconf 91' lang='lat' dir='ltr'><strong>obit;</strong></span> 
     </span>
    </p>

    <p class='ocr_par' dir='ltr' id='par_1_15' title="bbox 262 2453 1054 2601">
     <span class='ocr_line' id='line_1_25' title="bbox 262 2453 1054 2528; baseline -0.001 -12"><span class='ocrx_word' id='word_1_147' title='bbox 262 2455 335 2516; x_wconf 92' lang='lat' dir='ltr'><strong>Nam</strong></span> <span class='ocrx_word' id='word_1_148' title='bbox 359 2454 505 2516; x_wconf 83' lang='lat' dir='ltr'><strong>medicina</strong></span> <span class='ocrx_word' id='word_1_149' title='bbox 528 2454 605 2524; x_wconf 85' lang='lat' dir='ltr'><strong>silet,</strong></span> <span class='ocrx_word' id='word_1_150' title='bbox 630 2456 681 2516; x_wconf 86' lang='lat' dir='ltr'><strong>uhi</strong></span> <span class='ocrx_word' id='word_1_151' title='bbox 704 2457 799 2516; x_wconf 87' lang='lat' dir='ltr'><strong>morbi</strong></span> <span class='ocrx_word' id='word_1_152' title='bbox 823 2474 909 2516; x_wconf 89' lang='lat' dir='ltr'><strong>causa</strong></span> <span class='ocrx_word' id='word_1_153' title='bbox 933 2453 1054 2528; x_wconf 62' lang='lat' dir='ltr'><strong>silesoiu</strong></span> 
     </span>
     <span class='ocr_line' id='line_1_26' title="bbox 303 2538 983 2601; baseline -0.004 0"><span class='ocrx_word' id='word_1_154' title='bbox 303 2541 434 2601; x_wconf 90' lang='lat' dir='ltr'><strong>Horrent</strong></span> <span class='ocrx_word' id='word_1_155' title='bbox 455 2538 588 2599; x_wconf 86' lang='lat' dir='ltr'><strong>admotas</strong></span> <span class='ocrx_word' id='word_1_156' title='bbox 611 2539 731 2600; x_wconf 88' lang='lat' dir='ltr'><strong>vulnera</strong></span> <span class='ocrx_word' id='word_1_157' title='bbox 755 2540 847 2600; x_wconf 82' lang='lat' dir='ltr'><strong>cruda</strong></span> <span class='ocrx_word' id='word_1_158' title='bbox 869 2557 983 2600; x_wconf 79' lang='lat' dir='ltr'><strong>manus,</strong></span> 
     </span>
    </p>

    <p class='ocr_par' dir='ltr' id='par_1_16' title="bbox 259 2622 1279 2786">
     <span class='ocr_line' id='line_1_27' title="bbox 259 2622 1025 2702; baseline -0.001 -19"><span class='ocrx_word' id='word_1_159' title='bbox 259 2622 379 2684; x_wconf 81' lang='lat' dir='ltr'><strong>Tollere</strong></span> <span class='ocrx_word' id='word_1_160' title='bbox 402 2622 544 2683; x_wconf 90' lang='lat' dir='ltr'><strong>nodosam</strong></span> <span class='ocrx_word' id='word_1_161' title='bbox 567 2625 661 2684; x_wconf 81' lang='lat' dir='ltr'><strong>nescit</strong></span> <span class='ocrx_word' id='word_1_162' title='bbox 684 2623 831 2684; x_wconf 90' lang='lat' dir='ltr'><strong>medicina</strong></span> <span class='ocrx_word' id='word_1_163' title='bbox 853 2624 1025 2702; x_wconf 82' lang='lat' dir='ltr'><strong>podagram,</strong></span> 
     </span>
     <span class='ocr_line' id='line_1_28' title="bbox 304 2706 1226 2786; baseline -0.006 -18"><span class='ocrx_word' id='word_1_164' title='bbox 304 2707 365 2768; x_wconf 88' lang='lat' dir='ltr'><strong>Nec</strong></span> <span class='ocrx_word' id='word_1_165' title='bbox 387 2706 442 2767; x_wconf 88' lang='lat' dir='ltr'><strong>tibi</strong></span> <span class='ocrx_word' id='word_1_166' title='bbox 465 2715 636 2767; x_wconf 83' lang='lat' dir='ltr'><strong>concretam</strong></span> <span class='ocrx_word' id='word_1_167' title='bbox 659 2710 743 2786; x_wconf 90' lang='lat' dir='ltr'><strong>potio</strong></span> <span class='ocrx_word' id='word_1_168' title='bbox 766 2707 845 2768; x_wconf 88' lang='lat' dir='ltr'><strong>nulla</strong></span> <span class='ocrx_word' id='word_1_169' title='bbox 868 2715 978 2768; x_wconf 88' lang='lat' dir='ltr'><strong>notam.</strong></span> <span class='ocrx_word' id='word_1_170' title='bbox 1177 2715 1226 2764; x_wconf 77' lang='lat'><strong>760</strong></span> 
     </span>
    </p>
   </div>
   <div class='ocr_carea' id='block_1_5' title="bbox 262 2859 465 2867">
    <p class='ocr_par' dir='ltr' id='par_1_17' title="bbox 262 2859 465 2867">
     <span class='ocr_line' id='line_1_29' title="bbox 262 2859 465 2867; baseline 0 -1"><span class='ocrx_word' id='word_1_171' title='bbox 262 2859 465 2867; x_wconf 67' lang='lat'><em>—-.—-.-.-</em></span> 
     </span>
    </p>
   </div>
   <div class='ocr_carea' id='block_1_6' title="bbox 260 2937 1279 3549">
    <p class='ocr_par' dir='ltr' id='par_1_18' title="bbox 260 2937 1279 3343">
     <span class='ocr_line' id='line_1_30' title="bbox 328 2937 1279 3006; baseline -0.005 -15"><span class='ocrx_word' id='word_1_172' title='bbox 328 2942 386 2992; x_wconf 83' lang='grc'>738.</span> <span class='ocrx_word' id='word_1_173' title='bbox 405 2939 513 3004; x_wconf 82' lang='lat' dir='ltr'><strong>Margo:</strong></span> <span class='ocrx_word' id='word_1_174' title='bbox 533 2945 649 3006; x_wconf 77' lang='lat' dir='ltr'><strong>excepto</strong></span> <span class='ocrx_word' id='word_1_175' title='bbox 668 2942 806 3005; x_wconf 85' lang='lat' dir='ltr'><strong>prooemio</strong></span> <span class='ocrx_word' id='word_1_176' title='bbox 827 2946 855 2992; x_wconf 83' lang='lat' dir='ltr'><strong>et</strong></span> <span class='ocrx_word' id='word_1_177' title='bbox 868 2941 1009 3006; x_wconf 77' lang='lat' dir='ltr'><strong>capitulis.</strong></span> <span class='ocrx_word' id='word_1_178' title='bbox 1044 2942 1102 2990; x_wconf 80' lang='grc'>753.</span> <span class='ocrx_word' id='word_1_179' title='bbox 1115 2939 1226 3004; x_wconf 81' lang='lat' dir='ltr'><strong>Margo:</strong></span> <span class='ocrx_word' id='word_1_180' title='bbox 1278 2937 1279 2997; x_wconf 70' lang='lat' dir='ltr'><strong>l</strong></span> 
     </span>
     <span class='ocr_line' id='line_1_31' title="bbox 260 3005 1227 3074; baseline -0.003 -17"><span class='ocrx_word' id='word_1_181' title='bbox 260 3008 376 3058; x_wconf 79' lang='lat' dir='ltr'><strong>Iocasta.</strong></span> <span class='ocrx_word' id='word_1_182' title='bbox 389 3007 506 3058; x_wconf 83' lang='lat' dir='ltr'><strong>Helena.</strong></span> <span class='ocrx_word' id='word_1_183' title='bbox 559 3010 685 3059; x_wconf 75' lang='lat' dir='ltr'><strong>tio-50.</strong></span> <span class='ocrx_word' id='word_1_184' title='bbox 699 3009 814 3074; x_wconf 84' lang='lat' dir='ltr'><strong>Benign.</strong></span> <span class='ocrx_word' id='word_1_185' title='bbox 832 3008 920 3061; x_wconf 84' lang='lat' dir='ltr'><strong>excid.</strong></span> <span class='ocrx_word' id='word_1_186' title='bbox 938 3005 1039 3072; x_wconf 86' lang='lat' dir='ltr'><strong>Trojae</strong></span> <span class='ocrx_word' id='word_1_187' title='bbox 1051 3009 1163 3069; x_wconf 80' lang='lat'>25-30,</span> <span class='ocrx_word' id='word_1_188' title='bbox 1180 3006 1227 3056; x_wconf 88' lang='lat' dir='ltr'><strong>ubi</strong></span> 
     </span>
     <span class='ocr_line' id='line_1_32' title="bbox 260 3074 1279 3140; baseline -0.002 -16"><span class='ocrx_word' id='word_1_189' title='bbox 260 3082 353 3125; x_wconf 86' lang='lat' dir='ltr'><strong>tamen</strong></span> <span class='ocrx_word' id='word_1_190' title='bbox 370 3091 397 3124; x_wconf 78' lang='lat' dir='ltr'><strong>v.</strong></span> <span class='ocrx_word' id='word_1_191' title='bbox 410 3076 451 3124; x_wconf 78' lang='lat'><strong>25.</strong></span> <span class='ocrx_word' id='word_1_192' title='bbox 470 3090 518 3140; x_wconf 84' lang='lat' dir='ltr'><strong>pro</strong></span> <span class='ocrx_word' id='word_1_193' title='bbox 537 3076 624 3125; x_wconf 87' lang='lat' dir='ltr'><strong>nostri</strong></span> <span class='ocrx_word' id='word_1_194' title='bbox 641 3075 833 3138; x_wconf 82' lang='lat' dir='ltr'><strong>‚.redamatur‘¹</strong></span> <span class='ocrx_word' id='word_1_195' title='bbox 852 3074 1037 3140; x_wconf 84' lang='lat' dir='ltr'><strong>„remeatnr“.</strong></span> <span class='ocrx_word' id='word_1_196' title='bbox 1090 3075 1148 3126; x_wconf 80' lang='lat'>748.</span> <span class='ocrx_word' id='word_1_197' title='bbox 1168 3074 1227 3124; x_wconf 87' lang='lat' dir='ltr'><strong>eod.</strong></span> <span class='ocrx_word' id='word_1_198' title='bbox 1278 3085 1279 3132; x_wconf 66' lang='grc' dir='ltr'>ᾖ</span> 
     </span>
     <span class='ocr_line' id='line_1_33' title="bbox 261 3140 1279 3207; baseline -0.003 -15"><span class='ocrx_word' id='word_1_199' title='bbox 261 3157 309 3192; x_wconf 86' lang='lat' dir='ltr'><strong>our</strong></span> <span class='ocrx_word' id='word_1_200' title='bbox 327 3157 372 3191; x_wconf 86' lang='lat' dir='ltr'><strong>rea</strong></span> <span class='ocrx_word' id='word_1_201' title='bbox 391 3141 486 3192; x_wconf 84' lang='lat' dir='ltr'><strong>cladis.</strong></span> <span class='ocrx_word' id='word_1_202' title='bbox 534 3143 592 3192; x_wconf 81' lang='grc'>751.</span> <span class='ocrx_word' id='word_1_203' title='bbox 611 3144 653 3196; x_wconf 76' lang='lat'><strong>52.</strong></span> <span class='ocrx_word' id='word_1_204' title='bbox 670 3142 787 3207; x_wconf 83' lang='lat' dir='ltr'><strong>Benign.</strong></span> <span class='ocrx_word' id='word_1_205' title='bbox 807 3143 893 3194; x_wconf 82' lang='lat' dir='ltr'><strong>excid.</strong></span> <span class='ocrx_word' id='word_1_206' title='bbox 913 3140 988 3204; x_wconf 86' lang='lat' dir='ltr'><strong>Troj.</strong></span> <span class='ocrx_word' id='word_1_207' title='bbox 1007 3145 1048 3193; x_wconf 81' lang='lat'><strong>33.</strong></span> <span class='ocrx_word' id='word_1_208' title='bbox 1067 3143 1109 3202; x_wconf 81' lang='lat'><strong>34,</strong></span> <span class='ocrx_word' id='word_1_209' title='bbox 1133 3147 1227 3190; x_wconf 80' lang='lat' dir='ltr'><strong>tamen</strong></span> <span class='ocrx_word' id='word_1_210' title='bbox 1278 3167 1279 3196; x_wconf 63' lang='lat'>2</span> 
     </span>
     <span class='ocr_line' id='line_1_34' title="bbox 260 3208 1227 3274; baseline -0.002 -16"><span class='ocrx_word' id='word_1_211' title='bbox 260 3225 287 3258; x_wconf 81' lang='lat' dir='ltr'><strong>v.</strong></span> <span class='ocrx_word' id='word_1_212' title='bbox 306 3211 339 3259; x_wconf 72' lang='lat'><strong>34</strong></span> <span class='ocrx_word' id='word_1_213' title='bbox 366 3209 498 3273; x_wconf 84' lang='lat' dir='ltr'><strong>„turpia⁴‘</strong></span> <span class='ocrx_word' id='word_1_214' title='bbox 524 3226 573 3274; x_wconf 93' lang='lat' dir='ltr'><strong>pro</strong></span> <span class='ocrx_word' id='word_1_215' title='bbox 600 3210 689 3260; x_wconf 79' lang='lat' dir='ltr'><strong>nostri</strong></span> <span class='ocrx_word' id='word_1_216' title='bbox 711 3209 862 3274; x_wconf 84' lang='lat' dir='ltr'><strong>„perfida“.</strong></span> <span class='ocrx_word' id='word_1_217' title='bbox 964 3211 1023 3261; x_wconf 77' lang='grc'>763.</span> <span class='ocrx_word' id='word_1_218' title='bbox 1050 3210 1091 3262; x_wconf 55' lang='lat'><strong>542</strong></span> <span class='ocrx_word' id='word_1_219' title='bbox 1116 3208 1227 3259; x_wconf 86' lang='lat' dir='ltr'><strong>Horatii</strong></span> 
     </span>
     <span class='ocr_line' id='line_1_35' title="bbox 262 3275 1098 3343; baseline 0 -18"><span class='ocrx_word' id='word_1_220' title='bbox 262 3280 334 3325; x_wconf 85' lang='lat' dir='ltr'><strong>sunt.</strong></span> <span class='ocrx_word' id='word_1_221' title='bbox 352 3275 440 3340; x_wconf 83' lang='lat' dir='ltr'><strong>Epist.</strong></span> <span class='ocrx_word' id='word_1_222' title='bbox 457 3275 479 3333; x_wconf 88' lang='lat'><strong>1,</strong></span> <span class='ocrx_word' id='word_1_223' title='bbox 498 3278 524 3338; x_wconf 75' lang='lat'><strong>2,</strong></span> <span class='ocrx_word' id='word_1_224' title='bbox 542 3279 583 3330; x_wconf 85' lang='grc'><strong>69,</strong></span> <span class='ocrx_word' id='word_1_225' title='bbox 603 3279 643 3328; x_wconf 87' lang='grc'><strong>70.</strong></span> <span class='ocrx_word' id='word_1_226' title='bbox 713 3279 770 3327; x_wconf 87' lang='grc'>757.</span> <span class='ocrx_word' id='word_1_227' title='bbox 789 3285 882 3342; x_wconf 82' lang='lat' dir='ltr'><strong>margo</strong></span> <span class='ocrx_word' id='word_1_228' title='bbox 901 3293 951 3343; x_wconf 89' lang='lat' dir='ltr'><strong>pro</strong></span> <span class='ocrx_word' id='word_1_229' title='bbox 969 3278 1098 3328; x_wconf 80' lang='lat' dir='ltr'><strong>senescit.</strong></span> 
     </span>
    </p>

    <p class='ocr_par' dir='ltr' id='par_1_19' title="bbox 261 3343 1091 3549">
     <span class='ocr_line' id='line_1_36' title="bbox 261 3343 722 3406; baseline -0.004 -12"><span class='ocrx_word' id='word_1_230' title='bbox 261 3344 320 3394; x_wconf 84' lang='grc'>759.</span> <span class='ocrx_word' id='word_1_231' title='bbox 338 3343 389 3394; x_wconf 86' lang='lat' dir='ltr'><strong>Ov.</strong></span> <span class='ocrx_word' id='word_1_232' title='bbox 408 3357 426 3392; x_wconf 66' lang='lat' dir='ltr'><strong>e¹</strong></span> <span class='ocrx_word' id='word_1_233' title='bbox 448 3343 528 3393; x_wconf 87' lang='lat' dir='ltr'><strong>Pont.</strong></span> <span class='ocrx_word' id='word_1_234' title='bbox 546 3343 568 3406; x_wconf 89' lang='lat'><strong>1,</strong></span> <span class='ocrx_word' id='word_1_235' title='bbox 586 3345 611 3406; x_wconf 82' lang='lat'><strong>3,</strong></span> <span class='ocrx_word' id='word_1_236' title='bbox 629 3345 670 3398; x_wconf 79' lang='lat'><strong>23.</strong></span> <span class='ocrx_word' id='word_1_237' title='bbox 688 3346 722 3392; x_wconf 79' lang='lat'><strong>24</strong></span> 
     </span>
     <span class='ocr_line' id='line_1_37' title="bbox 396 3409 1091 3477; baseline 0.004 -19"><span class='ocrx_word' id='word_1_238' title='bbox 396 3409 508 3460; x_wconf 82' lang='lat' dir='ltr'><strong>Tollere</strong></span> <span class='ocrx_word' id='word_1_239' title='bbox 527 3409 656 3461; x_wconf 87' lang='lat' dir='ltr'><strong>nodosam</strong></span> <span class='ocrx_word' id='word_1_240' title='bbox 674 3412 766 3461; x_wconf 80' lang='lat' dir='ltr'><strong>nescit</strong></span> <span class='ocrx_word' id='word_1_241' title='bbox 784 3410 920 3461; x_wconf 84' lang='lat' dir='ltr'><strong>medicine</strong></span> <span class='ocrx_word' id='word_1_242' title='bbox 939 3411 1091 3477; x_wconf 82' lang='lat' dir='ltr'><strong>podagram</strong></span> 
     </span>
     <span class='ocr_line' id='line_1_38' title="bbox 407 3475 929 3549; baseline 0.004 -23"><span class='ocrx_word' id='word_1_243' title='bbox 407 3475 485 3549; x_wconf 37' lang='lat' dir='ltr'><strong>‚Nee</strong></span> <span class='ocrx_word' id='word_1_244' title='bbox 503 3477 658 3526; x_wconf 85' lang='lat' dir='ltr'><strong>formidatis</strong></span> <span class='ocrx_word' id='word_1_245' title='bbox 676 3478 823 3532; x_wconf 83' lang='lat' dir='ltr'><strong>auxiliatur</strong></span> <span class='ocrx_word' id='word_1_246' title='bbox 842 3478 929 3542; x_wconf 78' lang='lat' dir='ltr'><strong>aquia.</strong></span> 
     </span>
    </p>
   </div>
   <div class='ocr_carea' id='block_1_7' title="bbox 0 0 1316 4000">
    <p class='ocr_par' dir='ltr' id='par_1_20' title="bbox 0 0 1316 4000">
     <span class='ocr_line' id='line_1_39' title="bbox 0 0 1316 4000; baseline 0 0"><span class='ocrx_word' id='word_1_247' title='bbox 0 0 1316 4000; x_wconf 95' lang='lat' dir='ltr'><strong> </strong></span> 
     </span>
    </p>
   </div>
  </div>
 </body>
</html>
