2618 3984
441 151 501 202 Lib.
519 151 569 202 111.
605 167 631 206 v.
651 152 794 207 tta-ato.

177 305 250 368 Vilia
273 306 438 364 contemnit
460 311 489 364 et
509 304 644 382 preciosa
666 302 755 364 subit.

95 415 100 423 ·
132 391 236 452 vicisti
260 388 368 449 multos
392 386 501 466 etjam
525 388 650 448 vinceris
673 387 710 452 ab
733 407 793 448 uno

178 477 226 536 Sic
250 479 368 534 versant
390 470 510 533 dubiam
532 470 637 531 frivola
662 473 720 532 lata
743 481 848 534 rotam.
989 541 991 545 ,
1053 483 1109 532 480

239 619 241 622 ’
270 618 330 674 mc
348 617 497 673 HECTOR
514 617 713 673 OCCIDITUR
730 619 778 672 AB
797 619 964 674 ACHILLE.

134 725 316 791 Priamidem
339 723 418 784 dolet
440 723 591 803 Aeacidae,
614 731 658 783 tot
679 731 816 785 sternere
840 725 964 803 Grajdm

177 813 314 889 Agmina,
337 815 439 886 totque
463 807 570 868 ducum
593 807 720 885 perdere
742 816 846 887 pensat
869 827 948 869 eum.
1016 827 1024 843 ·

130 896 323 978 Appropians
344 893 435 970 igitur
457 891 571 952 hastam
595 894 741 952 contorsit
762 895 792 952 in
815 893 942 964 hostem,

178 981 313 1042 Occursu
337 977 433 1056 clypei
456 974 541 1036 miles
564 975 664 1054 abegit
687 995 763 1037 eam.

134 1066 200 1127 Non
222 1065 343 1141 impune
367 1068 466 1120 tamen
487 1060 643 1120 descendit
665 1061 768 1122 lancea
791 1061 915 1130 Graeca,
1051 1071 1104 1120 485

176 1146 304 1226 Trojana
327 1163 396 1205 mox
420 1154 464 1204 ast
486 1143 535 1204 1113
557 1147 682 1206 remissa
705 1163 804 1206 manu.

132 1233 272 1295 Hectoris
293 1232 324 1289 in
347 1229 461 1307 galeam
484 1246 656 1290 mucronem
680 1231 770 1290 mittit
791 1229 931 1300 Achilles,

146 1327 148 1332 '
177 1315 227 1378 1113
251 1312 388 1375 sonando
408 1322 519 1391 crepat,
544 1330 604 1374 non
627 1313 800 1374 levisictus
823 1324 898 1376 erat.

130 1399 254 1464 Casside
278 1417 347 1458 mox
368 1397 479 1458 Hector
501 1400 533 1458 in
555 1415 669 1458 summa
693 1399 785 1476 tangit
809 1398 964 1468 Achillem,

177 1484 302 1562 Respuit
324 1483 398 1542 haec
419 1482 521 1550 ictum,
545 1482 595 1541 sed
619 1482 701 1543 dedit
722 1483 780 1544 icta
803 1500 919 1543 sonum.
1056 1491 1109 1541 490

135 1569 237 1632 Elevat
259 1567 401 1629 Aeacides
423 1564 556 1627 lunatum
580 1567 679 1626 denuo
701 1564 826 1636 ferrum,

180 1652 315 1716 Hectoris
337 1658 370 1710 ut
392 1649 513 1710 nitidam
538 1648 649 1709 dividat
671 1667 742 1710 ense
764 1649 874 1728 gulam.

130 1739 254 1814 Excipit
276 1733 407 1794 umbone
428 1732 547 1811 juvenis
571 1733 735 1795 Priameius
756 1735 858 1815 ictum,

178 1821 350 1880 Mucronem
374 1817 470 1877 vibrat
492 1824 522 1876 11
544 1816 671 1878 11111111
693 1826 786 1896 parat.
1081 1885 1084 1897 p

136 1906 213 1966 Dum
235 1901 349 1970 relerit,
373 1901 480 1960 Graeci
502 1899 610 1961 collum
634 1899 811 1962 discendere
835 1904 961 1980 quaerit,
1055 1911 1106 1961 495

180 1985 238 2046 Sed
262 1986 393 2045 Graecus
416 1983 508 2056 cedit,
526 2002 595 2045 3113
619 2003 723 2046 mucro
746 1984 823 2046 11111.

135 2073 270 2134 Graecus
292 2071 364 2129 item
387 2067 514 2145 gladium
538 2086 679 2146 magnum
703 2069 813 2131 virtute
835 2067 963 2132 levatum

180 2156 286 2231 Dirigit
308 2155 340 2213 in
362 2153 482 2220 Troem,
506 2153 623 2214 scindat
646 2161 678 2213 ut
700 2171 770 2215 ense
793 2153 911 2233 pedem.

135 2239 273 2303 Detrahit
294 2236 343 2298 ille
366 2235 481 2316 pedem,
506 2244 605 2298 tamen
629 2255 699 2298 ense
722 2236 894 2299 reverberat
917 2257 1029 2309 ensem,

178 2321 288 2384 Reddit
310 2340 364 2400 per
386 2320 484 2382 simile
508 2339 563 2400 pro
585 2323 648 2382 vice
671 2325 797 2401 quisque
820 2325 925 2384 vicem.
1055 2332 1106 2380 600

132 2410 209 2470 ¹Sese
231 2405 373 2466 collidunt
395 2405 480 2467 nitidi
502 2406 664 2484 perniciter
687 2424 783 2477 enses,

177 2493 232 2554 1111
255 2491 333 2559 11111,
358 2489 406 2550 hic
428 2489 541 2560 reierit,
566 2500 692 2570 utraque
715 2509 810 2553 massa
833 2492 942 2553 tremit.

133 2577 268 2656 Serpens
291 2583 460 2652 serpentem
483 2574 609 2644 mordet,
633 2577 677 2636 sic
699 2592 803 2636 mucro
824 2575 1017 2648 mucronem3

177 2661 295 2722 Densa
318 2658 407 2718 dente
429 2660 516 2735 riget,
541 2659 621 2720 ensis
644 2659 680 2721 ab
704 2678 775 2723 ense
797 2661 879 2720 nitet.

135 2746 236 2823 Longe
259 2749 429 2820 spectantes
451 2744 545 2804 oculis
567 2744 694 2804 11111111
717 2743 853 2805 valebant
1054 2751 1106 2800 505

125 2848 127 2852 ’
177 2826 320 2904 Fulgura,
345 2844 421 2905 quae
443 2825 532 2905 gladii
555 2828 626 2888 solis
649 2831 679 2887 in
704 2830 772 2905 igne
796 2825 914 2891 dabant.

135 2911 293 2988 argolicus
317 2909 469 2991 chalybem
492 2913 612 2990 stringit
635 2928 811 2989 percurrere
835 2911 954 2980 Troem,

179 2995 322 3074 Objectus
344 2999 415 3056 item
438 2999 568 3074 protegit
589 2995 679 3057 umbo
703 2996 817 3057 ducem.

134 3081 230 3140 ictum
254 3079 403 3159 Trojanus
425 3089 579 3159 acceptum
602 3079 729 3141 reddere
751 3082 835 3140 nisus

179 3163 211 3223 ln
235 3163 331 3224 lemur
354 3162 525 3242 Argolicum
547 3163 681 3225 vulnerat
704 3182 775 3224 ense
798 3165 902 3224 virum.
1054 3172 1105 3221 510

203 3367 261 3416 480.
282 3367 371 3415 rotam
389 3381 404 3414 e
423 3365 544 3428 margine
562 3379 610 3428 pro
630 3364 688 3414 cod.
708 3362 844 3427 „fatam“.
930 3365 989 3414 490.
1009 3363 1067 3414 ieta
1087 3379 1103 3414 e

133 3433 261 3498 margine
279 3445 330 3497 pro
349 3432 409 3486 eod.
427 3431 487 3482 illa.
564 3433 623 3481 tat.
643 3446 744 3496 margo.
763 3431 846 3482 Acce.
865 3428 999 3482 Achilles.
