2616 3980
374 273 377 282 Ι
463 197 525 250 nro.
543 199 566 250 1.
602 213 629 251 v.
647 199 790 249 coo—cre.
1069 195 1110 260 31
1154 247 1156 257 ,

142 348 296 431 Approbat
318 349 392 411 haec
415 349 560 419 Paridem,
584 349 682 410 Paridi
705 348 804 430 placet
824 347 889 418 illa;
912 349 1029 413 fovetur
1060 359 1114 408 coc
1144 367 1149 375 ·

186 435 301 498 Ardens
322 436 450 496 interius
472 433 529 495 hac
551 436 656 495 titione
678 451 777 512 rogus.

143 521 225 581 Alter
247 521 278 580 in
301 519 423 580 alterius
445 521 588 580 iactantes
610 519 721 580 lumina
745 519 844 581 vultus
882 515 884 526 '

186 604 253 666 Non
275 601 339 664 leve
362 611 521 664 senserunt
542 604 623 664 intus
645 604 756 664 amoris
778 619 863 663 onus.

143 688 288 751 Verberat
309 688 383 749 haec
405 688 499 757 illum,
523 689 575 748 sed
600 695 629 747 et
650 686 702 748 ille
724 687 898 749 reverberat
919 686 1010 759 illam,

186 773 294 834 visivis
314 771 420 850 gladiis
441 771 567 852 pulchra
590 771 690 832 duella
712 780 829 851 parant.
1060 781 1112 832 605

144 856 274 919 Nutibus
295 856 439 926 alliciunt,
465 855 551 916 oculo
574 874 634 917 non
657 874 710 916 ore
732 857 905 937 loquuntur,

101 945 103 950 ’
186 941 326 1002 liuterius
348 940 462 1010 ludunt,
485 942 628 1001 interiora
650 949 771 1018 tegunt;
828 991 832 996 ,

145 1023 270 1104 Quoque
292 1027 385 1103 magis
407 1025 517 1103 tegitur
538 1032 621 1086 tanto
644 1029 740 1103 magis
763 1033 877 1087 aestuat
898 1027 984 1104 ignis,

186 1109 296 1186 lgneus
317 1108 367 1170 ille
389 1110 474 1170 furor
497 1106 594 1170 nescit
615 1109 726 1171 habere
749 1111 879 1176 modum.

143 1195 298 1274 Adspicias
321 1192 423 1254 oculos
445 1191 573 1255 tremulo
595 1193 712 1272 fulgore
734 1197 887 1264 micantes,
1060 1203 1114 1253 010

187 1279 227 1340 Ut
248 1277 293 1339 sol
315 1296 331 1338 a
353 1277 468 1356 liquida
490 1295 580 1355 saepe
602 1277 731 1356 refulget
754 1298 838 1360 aqua.

143 1362 263 1424 Interea
284 1364 391 1423 tacitae
413 1371 538 1442 serpunt
559 1363 590 1423 in
614 1365 727 1425 viscera
749 1363 895 1435 flammae,

187 1447 224 1509 Et
246 1445 323 1507 mala
345 1446 460 1508 radices
482 1446 569 1508 altius
592 1446 683 1508 arbor
705 1448 773 1525 agit.

145 1531 169 1594 0
193 1550 280 1610 quam
303 1529 427 1592 difficile
449 1540 578 1597 mentem
601 1551 659 1592 non
682 1532 812 1614 prodere
834 1534 930 1594 vultu!

187 1615 282 1694 Saepe
304 1621 407 1677 tacens
430 1634 532 1678 vocem
554 1617 705 1696 verbaque
727 1616 823 1678 vultus
845 1617 946 1680 habet.
1060 1627 1113 1679 615

144 1700 248 1761 Vultus
271 1702 352 1763 enim
374 1704 472 1763 nostri
493 1701 570 1762 liber
593 1709 638 1762 est
660 1708 690 1760 et
711 1699 810 1761 littera
833 1702 942 1774 cordis,

187 1783 240 1845 Est
261 1785 352 1846 iacies
374 1785 504 1846 hominis
525 1784 624 1861 lingua
648 1785 777 1845 secunda
801 1787 857 1845 sui.

144 1867 281 1930 Condere
303 1887 371 1946 curn
394 1869 528 1930 volumus
551 1885 691 1929 areanum
713 1869 845 1946 pectoris
865 1870 947 1931 intus

188 1953 314 2016 Conscia
336 1971 506 2033 purpureus
527 1952 621 2013 inficit
644 1970 694 2013 ora
718 1950 843 2015 rubor*

144 2038 276 2116 Contigit
296 2038 354 2100 hoc
375 2039 448 2098 istis.
493 2037 623 2098 Mentem
645 2037 752 2115 legisse
775 2037 901 2098 duorum
1060 2051 1113 2102 020
1222 2017 1226 2029 ’

188 2123 221 2185 10
243 2125 321 2186 lacie
342 2130 473 2202 poteras3
497 2123 540 2183 sic
563 2129 649 2198 potes
664 2140 759 2183 omne
782 2123 876 2183 netas.

143 2205 212 2268 Non
234 2214 372 2285 poterant
393 2215 493 2268 tamen
516 2205 651 2285 alloquiis
674 2216 704 2267 et
725 2206 854 2287 prodero
875 2207 1024 2271 dammam

188 2291 235 2360 Et,
259 2289 339 2370 quod
362 2298 487 2370 uterque
510 2288 587 2360 velit,
611 2289 790 2353 abstinuisse
813 2292 875 2353 diu.

143 2415 347 2430 .....---—-

191 2474 370 2542 eoaPamph.
376 2474 423 2537 LI,
431 2476 462 2526 13
470 2473 550 2526 Alter
559 2475 588 2525 in
599 2473 713 2525 alterius
720 2475 774 2527 fert
783 2480 891 2528 tantum
897 2477 1001 2530 lumine
1006 2481 1113 2533 vultus.

143 2548 203 2599 608.
223 2544 274 2595 Or.
293 2544 405 2598 Metam.
422 2543 470 2606 IV,
489 2544 523 2592 64

225 2614 342 2677 Quoque
360 2611 449 2677 magis
466 2609 579 2674 tegitur,
597 2613 690 2660 tectus
708 2611 796 2678 magis
815 2617 927 2665 aestuat
943 2615 1026 2680 ignis.

142 2683 204 2734 610.
214 2681 273 2731 611.
288 2681 339 2733 Ov.
349 2681 401 2728 Ars
415 2678 452 2742 11,
463 2680 521 2729 ⁵121.
535 2678 577 2728 22.
595 2676 740 2742 Adspicies
755 2683 819 2742 etc,
835 2696 889 2746 que
902 2686 1014 2746 propter
1024 2683 1111 2734 nostis

143 2749 303 2814 adspiceres
325 2745 490 2798 mutabimus
512 2745 542 2794 in
559 2743 707 2810 adspicies.
792 2749 849 2798 612.
870 2749 910 2800 13.
928 2748 978 2802 Ov.
997 2750 1112 2800 Remed.

142 2817 203 2870 105.
222 2818 280 2868 106.
349 2815 407 2864 614.
426 2812 520 2865 Gualt.
537 2810 614 2878 Alex.
632 2811 656 2876 1,
674 2813 714 2864 63.

219 2884 253 2934 ,Ο
273 2898 352 2949 qnam
371 2879 485 2931 difficile
503 2882 545 2930 est
562 2879 683 2932 studium
699 2896 753 2931 nou
770 2881 887 2947 prodere
905 2883 995 2934 vultu!

141 2953 263 3006 imitatio
281 2949 374 3003 Ovidii
391 2948 458 3002 Met.
476 2949 513 3012 11,
531 2949 581 2999 447

264 3057 269 3063 .
314 3016 437 3067 Difficile
456 3022 508 3078 est,
526 3016 628 3067 crimen
646 3031 701 3066 non
718 3016 833 3082 prodere
853 3018 939 3069 vultu.

142 3090 204 3141 615.
231 3085 326 3136 Ovidii
351 3086 404 3135 Ars
430 3084 489 3136 Am.
516 3086 539 3148 1,
570 3085 628 3134 574.
717 3086 775 3135 616.
800 3085 896 3136 litters.
924 3101 957 3137 ex
984 3088 1111 3152 margine

142 3172 193 3223 pro
218 3152 323 3204 codicis
346 3151 439 3208 litore.
458 3180 489 3190 -
507 3153 590 3203 Alan.
611 3151 771 3203 Anticleud.
788 3152 836 3207 lib.
855 3152 906 3216 ΙΙΙ,
925 3170 951 3218 p.
967 3156 1010 3218 46,
1028 3153 1075 3210 lin.
1094 3155 1113 3206 8

144 3225 179 3275 ab
199 3221 283 3272 infra.
317 3220 388 3272 Nem
405 3221 501 3272 vultus
519 3223 614 3269 noster
631 3218 702 3269 liber
720 3225 772 3284 est,
792 3224 821 3271 et
838 3219 933 3272 littera
952 3222 1041 3273 cordis

308 3287 437 3349 Nuntius,
455 3290 594 3351 interpres
609 3301 703 3350 verax,
720 3288 859 3353 animique
877 3287 972 3355 figura.

142 3361 203 3410 619.
222 3357 405 3418 ov.Am.11,
425 3356 449 3416 o,
468 3355 509 3405 34.
529 3352 594 3408 Con.
613 3370 691 3420 purp.
708 3356 787 3406 venit
805 3356 835 3406 in
854 3371 901 3408 ora
917 3357 1013 3423 pudor.
1049 3359 1111 3409 621.

143 3441 223 3478 omne
243 3441 281 3477 ex
295 3423 418 3486 margine
437 3437 485 3486 pro
505 3422 609 3473 codicis
629 3427 722 3488 atque.
777 3425 836 3476 623.
854 3424 1002 3492 Dielognm
1021 3440 1111 3488 neque

143 3494 245 3546 Ovidio
254 3489 443 3557 depromptum
453 3490 686 3556 praebetKonrad
695 3489 756 3555 troj'.
763 3493 857 3558 Krieg.
867 3494 1111 3548 020176-21466.
