2616 3980
564 201 717 254 Praefatio.
1081 217 1147 263 1111

224 360 260 425 V,
277 353 348 418 708.
366 353 395 416 9.
418 354 462 415 Re
485 357 511 416 si
534 372 603 423 non,
627 352 798 432 operevolo
814 373 864 416 vos
880 372 1031 435 operaque
1044 352 1147 432 jurare

454 439 537 499 Etsi
562 457 622 499 non
645 455 699 516 per
722 456 808 516 opem
833 439 877 498 rel
900 456 954 518 per
978 455 1067 516 opus,
1091 455 1147 516 per

673 540 755 601 opes.

241 613 271 679 V,
297 605 390 670 1007.
414 608 608 686 Degeneres,
628 607 652 664 si
669 607 832 684 degeneres
849 626 865 668 a
880 623 964 667 more
980 615 1146 684 parentum.

226 694 273 766 Vl,
313 690 387 754 284.
409 692 539 759 deceris,
562 690 664 752 infelix
687 700 716 750 et
738 688 822 751 cibus
844 692 923 768 ignis
945 693 1017 751 eris.

203 799 206 812 ·
266 777 355 839 Plura
379 776 550 855 hujusmodi
578 774 712 855 exempla
735 775 844 836 afferre
865 793 927 835 non
949 782 996 836 est
1017 773 1147 842 difficile,

183 864 233 924 sed
257 863 332 924 haec
354 861 512 922 sufficient.

268 947 480 1024 Heusingerus,
505 947 607 1025 etqui
630 962 697 1005 eum
721 945 817 1005 secuti
832 951 903 1004 sunt
918 942 1147 1010 Wernsdorfius.

132 1081 135 1089 .
182 1031 320 1101 ilbertus,
338 1029 612 1100 schoenemannus,
628 1028 871 1108 lappenbergius
892 1029 1033 1088 carminis
1046 1028 1148 1089 facun-

183 1117 261 1176 diam
286 1123 316 1176 et
338 1113 514 1192 elegantiam
530 1112 735 1175 laudaverunt.
769 1111 886 1174 Fefellit
901 1129 952 1172 eos
965 1129 1149 1191 permagnus

183 1217 322 1260 versuum
346 1217 362 1258 e
378 1199 521 1258 Romanis
535 1200 634 1278 poetis
650 1197 874 1276 depromtorum
890 1215 1043 1265 numerus,
1060 1215 1149 1278 quem

183 1292 287 1346 noster
309 1283 448 1345 ilbertus
470 1301 532 1343 non
553 1283 619 1343 sine
641 1283 782 1343 suavitate
804 1279 932 1360 quadarn
955 1282 1080 1342 carmini
1095 1299 1149 1342 suo

181 1369 317 1429 intexuit.
362 1365 519 1445 Virgilius,
550 1366 686 1436 Ovidius,
715 1365 838 1434 Statius,
868 1363 1061 1435 Claudianus,
1091 1365 1148 1425 Lu·

183 1471 285 1522 canus,
308 1453 447 1521 Avianus,
470 1451 666 1513 Maximianus
689 1449 942 1529 (PseudoGallus)
966 1448 1148 1527 Pamphilus,

182 1541 354 1617 anonymus
375 1534 524 1606 Nereleti,
547 1535 691 1597 Pindarus
713 1533 873 1596 Thebanus
897 1535 921 1611 (a
946 1532 1033 1595 nobis
1047 1533 1148 1613 Epito-

182 1629 278 1681 mator
311 1619 455 1697 signatus)
494 1621 585 1681 immo
614 1620 766 1697 Beniguus
793 1618 1006 1686 floriacensis,
1040 1617 1149 1680 Alanus

183 1701 460 1783 (Anticlandiauus),
490 1703 679 1765 Hildebertus
707 1699 755 1781 (de
778 1703 893 1764 excidio
916 1701 1031 1784 Trojae)
1056 1719 1149 1781 aeque

183 1807 217 1848 ac
247 1787 381 1850 Gualteri
417 1787 454 1850 ab
481 1788 589 1849 Insulis
616 1787 809 1849 alexandreis
844 1785 931 1866 (quae
962 1785 1051 1866 paulo
1080 1795 1148 1847 ante

184 1873 263 1933 edita
285 1874 358 1950 erat)
382 1890 437 1952 pro
459 1891 512 1933 sua
535 1874 660 1953 quisque
683 1879 766 1949 parte
787 1873 958 1940 effecerunt,
981 1878 1013 1930 ut
1028 1886 1148 1932 carmen

185 1956 346 2034 elegantius
376 1964 405 2017 et
427 1955 465 2017 ob
488 1959 653 2018 sententias
680 1959 878 2032 interspersas
901 1956 1056 2016 nervosius
1078 1975 1148 2036 pro·

183 2039 311 2101 cederet.
354 2040 419 2101 Non
441 2049 598 2102 centonem
622 2041 741 2119 quidem
766 2041 885 2120 scripsit
899 2038 1037 2101 albertus
1060 2058 1077 2101 e
1099 2059 1148 2100 va-

181 2124 236 2184 riis
259 2131 288 2184 et
309 2124 435 2186 diversis
457 2125 642 2186 carminibus
664 2133 693 2186 et
708 2126 873 2186 carminum
888 2125 1061 2200 fragmentis
1077 2143 1147 2185 con·

182 2215 292 2279 sutum,
315 2209 366 2270 sed
390 2208 555 2289 permultos
579 2228 689 2281 versus,
712 2212 764 2289 qui
787 2212 814 2271 ci
830 2215 948 2288 praesto
964 2217 1059 2278 erant,
1083 2227 1148 2270 ear·

182 2295 258 2353 mini
279 2295 418 2355 inseruit.
452 2293 628 2374 Quanquam
650 2295 798 2355 Ausonius
820 2293 855 2354 ad
880 2295 1008 2354 amicum
1023 2292 1147 2354 Paulum

182 2377 219 2437 de
247 2378 306 2439 isto
334 2378 475 2438 carminis
497 2378 672 2456 perficiendi
695 2377 783 2438 modo
804 2377 931 2457 judicat:
960 2396 1050 2448 „nam
1074 2377 1148 2438 duos

178 2458 308 2539 junctim
329 2461 429 2523 locare
451 2479 568 2532 versus.
592 2465 727 2543 ineptum
750 2469 809 2522 est:
845 2469 875 2522 et
896 2470 958 2522 tres
979 2480 1037 2523 una
1060 2464 1147 2532 serie,

181 2563 283 2605 merae
305 2553 432 2623 nugae“,
461 2549 491 2607 iu
516 2546 741 2608 admirationem
764 2554 862 2606 tamen
883 2546 1017 2624 rapimur
1040 2545 1078 2607 ob
1102 2549 1147 2607 in·

183 2627 358 2689 credibilem
395 2634 491 2691 nostri
527 2629 618 2692 multa
654 2631 685 2691 in
717 2631 846 2690 lectione
877 2632 985 2691 versati
1019 2632 1148 2692 auctoris

182 2714 368 2782 memoriam,
393 2717 443 2794 qui
458 2715 598 2795 quicquid
614 2714 672 2776 sibi
686 2732 761 2793 opus
772 2725 846 2790 erat,
863 2731 899 2773 ex
914 2714 1039 2776 diversis
1050 2718 1148 2793 poetis

181 2805 301 2876 praesto
336 2798 454 2860 videtur
486 2798 635 2862 habuisse.
686 2798 836 2861 Plurimos
868 2815 971 2860 versus
1002 2801 1145 2867 eruimus,

67 2929 71 2943 .
181 2881 431 2964 adposuimusque
463 2882 559 2954 locos,
594 2882 703 2962 quibus
736 2883 864 2945 desumti
896 2892 979 2952 sunt,
1015 2883 1065 2944 alii
1093 2901 1147 2944 nos

181 2965 316 3027 fortassis
339 2966 520 3045 effugerunt;
549 2969 607 3039 alii,
630 2986 706 3048 quos
727 2967 777 3030 hic
801 2985 1027 3036 enumeramus,
1059 2969 1145 3028 etiam

180 3052 322 3111 —forte
350 3070 410 3112 nou
439 3052 543 3113 iisdem
571 3052 668 3112 verbis
691 3063 721 3113 et
741 3071 801 3114 non
823 3053 933 3130 integri
955 3085 997 3097 -
1019 3051 1048 3112 in
1072 3055 1145 3112 anti·

181 3137 247 3214 quis
268 3137 365 3213 poetis
386 3134 480 3196 latere
502 3139 700 3214 suspicamur.

264 3219 418 3299 Ejusmodi
441 3229 526 3282 suut:

265 3304 330 3364 Lib.
347 3304 370 3365 l.
393 3321 438 3364 vv.
454 3301 526 3366 223.
543 3302 616 3366 301.
631 3302 704 3366 312.
720 3301 791 3366 313.
806 3300 880 3366 323.
895 3301 967 3365 324.
984 3300 1057 3366 357.
1073 3299 1145 3366 358.

180 3382 337 3448 411-16.
359 3385 518 3451 419-·28.
541 3385 614 3450 459.
638 3385 690 3450 60.
713 3385 786 3451 465.
807 3385 880 3450 466.
895 3386 968 3452 471.
984 3385 1058 3450 472.
1073 3385 1146 3451 475.

180 3467 253 3532 476.
276 3468 347 3533 504.
371 3470 443 3536 507.
459 3469 532 3536 508.
547 3469 620 3536 511.
635 3469 707 3534 512.
721 3471 793 3540 609.
809 3471 880 3536 675.
898 3471 970 3537 680.
987 3469 1144 3537 682-85.
