2618 3984
370 163 374 170 ·
403 143 405 150 '
476 139 605 216 mair.
641 179 667 216 v.
687 163 830 218 111-114.
1080 157 1144 224 107,

170 315 559 399 Thestoridessiueemus,
582 317 634 386 ait,
657 320 790 392 perstate
812 311 945 392 Pelasgi!
1091 321 1139 372 115

133 476 138 482 ,
212 401 312 478 Longa
335 402 405 461 licet
426 407 526 461 teneat
549 417 604 460 nos
625 417 719 465 mora.
742 396 832 476 Troja
855 398 949 459 cadet.
1004 475 1006 478 Ι

172 485 266 547 Nemo
289 485 453 562 frangatur,
477 487 503 545 si
526 482 648 563 Trojani
669 484 785 563 potiore

204 569 248 630 ¹Et
270 571 375 631 Graeci
396 576 531 648 pugnent
552 567 697 632 inleriore
720 585 818 638 manu.

169 654 213 715 Ne
234 641 391 716 vor'eamur
414 671 464 714 eos
486 671 614 714 numero
636 653 749 733 majore
772 653 872 731 potiri,
920 703 922 709 s

212 742 235 799 A
258 757 332 800 cane
355 756 415 798 non
437 736 547 816 magno
568 755 657 816 saepe
678 744 799 798 tenetur
821 754 901 816 aper.
1091 745 1140 794 111

171 823 278 884 Ultima
301 823 484 898 Graecorum
507 824 641 884 victoria.
685 821 779 882 Nemo
803 823 908 882 timere

163 943 164 946 =
212 907 395 986 Principium
418 907 523 976 dehet;
548 906 680 986 pondera
702 907 769 967 linis
791 905 891 968 habet.

316 1053 514 1110 MENELAUS
533 1053 787 1113 VULNERATUR
804 1055 829 1108 A
847 1053 990 1110 TROILO.

170 1163 264 1224 Enses
287 1161 443 1240 arripiunt,
467 1159 676 1239 horrendaque
698 1159 776 1221 bella
799 1159 953 1229 reducunt,

212 1247 355 1308 Protinus
376 1253 410 1307 ut
432 1263 551 1306 menses
574 1246 724 1324 partirere
746 1245 814 1306 duo.
869 1280 871 1283 ν

169 1331 271 1392 Primo
294 1348 380 1392 mane
402 1337 510 1409 potens
533 1329 650 1391 Atrides
673 1337 703 1391 et
724 1329 885 1399 Menelaus,
915 1359 916 1362 ¹
1090 1335 1138 1386 115

215 1413 345 1494 Tydides
368 1423 398 1477 11
420 1418 482 1493 agit
504 1415 619 1494 agmina
643 1415 756 1475 Graeca
779 1413 901 1476 Locrus.

170 1499 236 1561 Non
259 1500 357 1562 tardat
378 1499 505 1579 Trojano
529 1500 643 1569 cohors.
669 1500 800 1578 erumpit
822 1506 852 1559 et
874 1516 944 1560 ecoe

214 1583 301 1644 Stulti
325 1592 518 1660 concurrunt,
540 1583 632 1645 millia
656 1581 748 1645 multa
769 1582 890 1645 eadunt.

172 1669 294 1728 Sauciat
315 1667 364 1729 1111
387 1667 507 1729 Troilus
529 1667 709 1738 Menelaum
732 1687 789 1730 nox
812 1665 1006 1728 furibuudum

173 1753 267 1833 ''Vix
290 1755 370 1832 cogit
392 1753 546 1834 populum,
568 1761 663 1816 vertat
687 1761 719 1814 ut
741 1770 793 1814 ora
817 1752 948 1816 domurn.
1089 1758 1138 1807 180

153 1899 317 1964 ,BELLUM
341 1899 414 1966 QUO
434 1900 600 1957 Punncro
618 1900 694 1956 PAX
712 1900 840 1955 DATUR
856 1897 1041 1953 MENSIBUS
1060 1892 1136 1955 SEX.

169 2005 217 2066 lra
239 2013 340 2066 truces
361 2007 532 2069 inimicitias
555 2016 584 2070 et
605 2009 710 2070 lunera
733 2005 844 2067 bellum

213 2087 347 2151 Concitet
370 2098 404 2151 ut
425 2094 555 2168 primum
579 2093 690 2154 deserit
712 2091 819 2156 umbra
842 2091 946 2152 solum.

171 2171 317 2252 Trojanos
338 2174 458 2235 Troilus
480 2179 636 2247 instaurat,
661 2179 709 2238 cui
732 2178 906 2254 comitatum

213 2258 341 2320 Praebet
363 2258 539 2336 Alexander,
564 2261 609 2322 his
631 2261 702 2322 tuba
726 2262 836 2339 clangit
859 2263 926 2321 iter.

170 2342 278 2405 Contra
302 2341 495 2422 Grajugenae.
540 2345 660 2407 Troilus
681 2344 759 2407 volat
781 2348 811 2406 in
835 2343 1015 2418 Diomedem,
1088 2353 1136 2402 185

212 2428 360 2490 Strenuus
383 2429 522 2491 intortem
545 2430 682 2491 vulnerat
705 2449 774 2492 ense
798 2431 914 2492 ducem.

169 2513 286 2574 Sauciat
309 2520 339 2573 11
360 2531 471 2592 regem,
495 2533 549 2593 per
573 2533 708 2594 eampum
732 2514 828 2577 fundit
849 2514 986 2586 Achivos,

212 2597 248 2658 Et
269 2605 349 2658 stant
371 2616 428 2659 nnn
452 2617 510 2660 una
534 2598 612 2660 bella
636 2608 761 2661 cruenta
784 2600 843 2660 die.

169 2681 204 2743 ln
225 2699 323 2762 pugna
346 2683 461 2744 mixtim
483 2703 515 2744 se
538 2682 629 2746 millia
652 2685 743 2747 multa
767 2682 929 2761 trucidant,

212 2766 307 2845 Larga
330 2768 524 2830 cadaveribus
546 2789 614 2831 arva
639 2770 741 2832 deesse
764 2769 855 2830 vides.
1089 2780 1138 2829 190

171 2851 219 2911 Sic
241 2851 304 2912 1111
327 2853 484 2927 funeribus
507 2854 622 2924 desunt,
647 2865 680 2916 ut
702 2853 779 2915 bella
802 2861 942 2932 gerentes

214 2935 332 2998 Videris
355 2937 390 2999 ad
414 2939 550 3000 standum
574 2958 633 3000 non
656 2939 794 3001 habuisse
816 2938 925 3000 locum.

174 3018 357 3083 Graecorum
379 3025 495 3084 ruerint
517 3043 608 3104 quum
630 3024 732 3104 plures
755 3024 852 3085 cernit
866 3019 986 3085 Atrides
1037 3065 1039 3072 ,

212 3105 381 3185 coeptaque
404 3111 547 3203 1111111111
570 3127 693 3188 serpere
717 3117 781 3170 vota
805 3110 890 3187 pede,

238 3257 295 3307 165.
313 3258 445 3324 Marginis
464 3259 603 3312 scholion:
623 3259 751 3315 Calchas,
823 3262 880 3311 170.
900 3264 942 3311 est
960 3259 1040 3310 Ovid.
1060 3261 1137 3314 Rem,

169 3325 228 3376 422.
316 3327 372 3377 173.
391 3325 500 3392 Margo:
518 3329 617 3394 Pugno
635 3328 731 3381 XVIa.
777 3327 922 3378 Menelaus
941 3327 1102 3378 vulneratur
1120 3343 1137 3376 a

112 3466 116 3474 Ι
168 3390 269 3510 ὶΤζἯΙΙο.
335 3393 392 3445 181.
411 3394 511 3447 funera
528 3412 576 3462 pro
596 3395 656 3448 eod.
676 3396 781 3452 funere.
843 3397 901 3448 183.
919 3391 1025 3460 Margo.
1044 3409 1138 3459 pugna

138 3499 140 3502 .
256 3475 279 3515 a,
