2618 3984
478 199 544 251 Lib.
559 198 609 250 111.
644 215 671 255 v.
691 201 782 256 t-13,

472 350 584 412 bitti-:lt
608 351 781 416 TERTIUS.
847 373 849 378 '

305 463 493 520 lNOlPIUNT
512 464 693 520 CAPITULA
704 461 836 522 'oborn
853 467 960 522 LIBRI.

149 569 278 640 Tertius,
302 589 318 631 a
340 569 460 651 specula
483 570 656 651 speculatur
677 580 819 654 sextaque
840 589 939 654 pugna

149 655 250 734 Surgit
273 672 398 737 eamque
420 673 548 735 sequens
572 655 672 717 decies
694 666 795 718 manet
817 669 883 720 octo
906 657 1021 721 diebus.
1137 729 1140 742 .

147 739 208 800 Pax
231 738 330 802 tribus
353 746 398 802 est
420 741 514 802 antris.
550 738 696 819 Pugnant.
734 740 920 804 Parmense
943 753 1041 806 secuta
1057 753 1112 806 est.

147 823 231 886 Nona
253 823 318 886 dies
339 841 439 905 pugna
462 826 588 888 iteratur
609 826 851 906 perduodeuos.

147 908 209 970 Pax
230 926 285 987 per
306 908 455 972 tredenos.
494 909 551 970 llio
572 913 687 971 somnia
710 920 852 972 strenuus
872 910 983 974 lleotor
1097 922 1113 971 5

148 992 279 1073 Despicit
300 995 412 1065 uxoris,
436 1011 525 1072 quero
548 995 666 1056 saucius
688 996 795 1058 occidit
818 996 957 1059 achilles.

146 1076 259 1156 Pugna.
296 1077 377 1140 Duos
398 1097 517 1140 menses
539 1088 585 1140 est
606 1097 673 1159 pax.
711 1077 758 1141 Fit
779 1099 832 1141 rex
853 1079 1037 1144 Palamedes.

148 1161 366 1243 Triptolemum
388 1164 495 1225 sternit
516 1162 679 1242 Sarpedon.
723 1165 784 1227 Pax
807 1165 894 1226 datur
916 1184 1005 1228 anno.

147 1249 252 1309 Aufert
273 1245 395 1309 Pelidae
416 1265 550 1328 pugnare
573 1249 722 1312 Polixena.
760 1249 905 1329 Pugnant.

147 1329 334 1410 Deiphobum
356 1334 479 1412 perimit
500 1330 675 1394 Palamedes
696 1341 726 1394 et
747 1333 831 1398 Paris
853 1337 958 1412 ipsum.
1081 1345 1113 1394 10

385 1501 632 1563 uxrurormoo
662 1501 873 1565 carorum.

404 1634 543 1686 INCIPIT
561 1635 673 1686 LIBER
690 1635 854 1692 TERTIUS.
897 1585 900 1593 Ι

338 1763 487 1820 HELENA
508 1765 532 1822 E
550 1765 655 1820 Multo
679 1765 923 1821 SPECULATUR.

147 1871 242 1945 Quam
264 1871 353 1931 timor
376 1868 511 1940 obnubit,
535 1889 595 1932 uon
619 1877 665 1930 est
685 1873 801 1932 sincera
825 1871 973 1951 voluptas:

86 1992 92 2002 -
189 1953 248 2014 Res
271 1961 317 2016 est
338 1952 458 2015 solliciti
481 1953 568 2033 plena
591 1956 708 2017 timoris
730 1973 823 2017 amor.

149 2043 171 2100 A
195 2036 317 2117 specula
338 2036 491 2118 speculum
515 2039 672 2118 speculans
694 2039 853 2102 inamabile
877 2038 946 2102 belli

190 2120 291 2183 'l'urba
312 2121 455 2200 puellaris
478 2131 534 2186 stat
556 2122 743 2202 gemebunda
764 2126 845 2188 satis.

147 2205 368 2288 operiebantur
390 2215 527 2269 eventum
551 2208 652 2270 Martis
674 2217 705 2270 et
726 2208 762 2270 ad
782 2226 870 2287 quem
1093 2221 1110 2270 o
1189 2241 1192 2247 ·

188 2290 330 2353 bellonae
343 2291 458 2353 ¹victrin
481 2292 526 2352 ala
551 2291 650 2355 volare
673 2292 749 2355 velit.

146 2374 201 2437 llic
222 2393 278 2455 pro
300 2374 408 2438 dilecto
430 2379 521 2454 gemit
543 2380 630 2439 anxia
653 2394 789 2458 quaeque
811 2380 926 2447 marito,
994 2456 997 2462 Ι

189 2459 321 2537 Corpore
343 2461 387 2521 vir
408 2477 548 2542 pugnam,
572 2463 663 2524 corde
685 2462 786 2542 puella
808 2471 901 2543 parat.

147 2543 251 2606 Stabat
274 2552 303 2606 et
324 2541 375 2606 hic
396 2543 509 2607 Helena
531 2547 715 2625 speculando
738 2547 871 2625 duosque
894 2549 1017 2609 maritos
1122 2545 1125 2550 '

187 2629 267 2691 lotus
289 2626 463 2692 horrisonos
485 2629 663 2694 alterutrare
685 2631 772 2694 videt.
1078 2641 1112 2692 10

145 2711 217 2776 Plus
239 2715 271 2774 in
293 2711 441 2776 adulterio
463 2722 603 2795 tauquam
625 2715 734 2778 lasciva
756 2717 888 2778 savorem

188 2797 282 2869 Quam
306 2798 363 2860 sibi
386 2817 528 2862 concesso
550 2799 679 2861 lcrvcrat
700 2797 750 2862 illa
773 2799 869 2862 thoro.

145 2881 276 2944 Nitimur
298 2883 329 2944 in
351 2885 473 2945 vetitum
496 2901 615 2964 semper
637 2886 833 2966 cupimusque
856 2893 972 2962 negata,

189 3083 238 3164 Ι16.
274 3085 489 3178 superscriptum
516 3087 615 3138 verbo:
642 3091 737 3142 occat.
808 3087 833 3139 ’1.
870 3087 977 3153 Pugna.
1012 3087 1111 3154 Super·

146 3150 388 3284 ‘mpffln'o’gn
406 3219 543 3272 noveno.
560 3237 586 3287 p.
604 3224 663 3278 ecs.
681 3223 729 3273 nn.
748 3225 770 3274 s.
792 3225 838 3276 10:

248 3287 335 3350 Quem
352 3289 435 3338 timor
453 3287 570 3340 obnubit
587 3303 641 3341 nou
660 3297 703 3342 ost
720 3291 829 3342 sincera
846 3289 974 3354 voluptas

280 3353 342 3406 Non
360 3360 405 3407 est
422 3353 544 3407 sollicito
562 3355 649 3410 dulcis
666 3359 697 3408 in
715 3374 761 3409 ore
781 3358 868 3409 cibus.

144 3423 169 3472 2.
188 3435 296 3487 margo:
316 3421 379 3473 idco
397 3422 450 3474 hoe
468 3422 530 3475 dioc
548 3424 620 3488 quod
638 3441 693 3476 res.
713 3425 807 3478 Ovidii
823 3431 876 3478 ast.
895 3425 1008 3478 Heroid.
1025 3426 1048 3490 1,
1069 3429 1110 3480 12.

147 3491 187 3540 12.
216 3487 311 3541 firmat
399 3493 439 3544 13.
475 3491 527 3542 Ov.
545 3492 634 3558 Amor.
661 3492 816 3553 111,4,17.
