2616 4000
174 213 268 280 ’196
377 270 380 277 ,
444 253 452 268 .
513 217 575 270 nio.
595 218 641 267 vr.
678 235 703 267 v.
721 219 864 271 ors-soe.

206 371 295 432 Dives
318 388 419 449 opum,
442 387 569 448 regnum
594 372 761 446 regionum,
785 373 867 449 regia
890 389 1004 450 regum,
1127 383 1178 442 846

248 453 352 516 Inclita
373 454 518 516 nobilium
542 455 666 524 mansio,
691 472 800 532 pompa
824 455 945 527 ducum!

206 539 263 600 Tot
286 539 404 619 populis
426 547 456 600 et
478 547 520 600 tot
542 538 686 602 munitam
710 539 846 601 turribus
869 538 974 600 urbem

248 622 378 685 Credere
400 626 469 703 quis
491 631 593 703 posset
615 622 769 685 obsidione
792 625 868 704 capi.

207 708 328 770 Corruit
349 709 458 769 invicta
481 711 599 777 totiens,
624 707 760 786 nihilque
782 709 927 770 remansit

249 792 415 854 incinerata
437 792 524 871 jacet,
548 792 599 854 sed
621 811 721 892 neque
745 810 853 854 nomen
876 792 975 856 habet
1125 801 1184 862 850,

191 877 339 954 ,Corruit
363 876 531 956 exemplum
556 878 646 938 terris
668 880 799 938 immane
822 876 958 946 dabatur,

250 961 335 1034 Quod
357 978 502 1038 praesens
524 969 636 1023 certam
660 979 719 1022 non
743 960 832 1022 babet
853 960 926 1022 bora
949 960 1049 1037 fidem.

204 1045 279 1108 Nam
303 1062 389 1124 seges
411 1055 465 1116 est,
489 1045 539 1107 ubi
563 1044 652 1124 Troja
675 1047 740 1116 luit,
759 1045 987 1144 resecandaque
1009 1031 1084 1107 laice

250 1131 395 1191 Luxuriat
418 1129 547 1232 l'brpgio
570 1132 715 1208 sanguine
737 1131 856 1210 pinguis
878 1129 995 1192 humus.

207 1213 404 1295 Semisepulta
427 1216 523 1275 virium
546 1216 646 1277 curvis
668 1215 820 1276 feriuntur
842 1219 950 1277 aratris
1124 1223 1176 1274 866

251 1299 337 1368 Ossa,
359 1299 500 1360 ruinosas
522 1298 632 1360 occulit
654 1298 748 1361 herba
771 1298 888 1360 domos.

207 1383 301 1445 Causa
324 1385 370 1444 rei
394 1382 459 1444 talis
483 1384 623 1444 meretrix
649 1389 714 1445 erat
737 1382 864 1444 exitialis

247 1467 398 1530 Formosis
421 1467 508 1529 malis
529 1466 644 1528 artibus
666 1484 717 1528 usa
740 1466 835 1530 malis.

207 1550 341 1631 Conjugii
363 1550 515 1613 Menelaus
538 1569 602 1614 earn
625 1551 704 1632 quod
728 1570 832 1613 amore
853 1553 992 1630 requirit,

248 1636 333 1707 neon
356 1643 399 1706 tu,
423 1635 501 1716 quod
524 1636 637 1697 laceret
659 1635 795 1716 quilibet,
818 1639 874 1698 iste
897 1637 976 1700 lacit.
1124 1645 1179 1696 860

473 1763 905 1869 [οοιιοιιιειοιιιιιιιιιιει
1013 1798 1015 1802 ·

174 1969 176 1974 ,
206 1906 272 1968 lam
295 1914 415 1984 portum
438 1922 503 1965 mea
526 1904 624 1966 cimba
647 1914 739 1975 tenet,
760 1905 821 1983 J'am
845 1912 932 1966 nauta
956 1906 1091 1982 quiescit,

248 1989 381 2053 Plurima
404 1991 455 2068 qui
479 1991 585 2051 mersit
607 1991 724 2068 agmina
748 1991 853 2050 mortis
875 1991 967 2070 aquis.

205 2074 329 2136 involvit
351 2092 418 2134 cum
442 2073 530 2151 plebe
554 2073 654 2144 duces,
679 2091 745 2134 cnm
769 2075 906 2154 principe
930 2072 1044 2152 vulgus,

249 2160 322 2222 Cum
344 2157 456 2239 populo
479 2177 620 2238 proceres
643 2156 861 2238 belligeraeque
883 2167 972 2219 rates.

206 2245 351 2322 Pergama
375 2250 419 2303 tot
440 2244 558 2323 populis
580 2241 729 2320 quondam
754 2245 904 2320 terrisque
926 2242 1056 2324 superba
1125 2251 1177 2301 865

249 2327 397 2390 Mortibus
419 2328 584 2401 innumeris
605 2328 688 2387 misit
710 2329 739 2387 in
763 2329 925 2389 interitum.

209 2413 379 2490 [tetigitur
401 2429 456 2490 per
478 2411 658 2490 exemplum,
681 2428 775 2488 genus
798 2430 816 2471 o
839 2410 963 2472 mortale
985 2429 1107 2472 reorum

180 2494 183 2499 ’
249 2497 293 2558 nd
315 2498 406 2558 tinem
431 2496 513 2556 duxit
534 2514 609 2574 quos
632 2495 708 2556 mala
731 2496 788 2556 vita
811 2494 933 2557 malum.

206 2634 251 2642 μοι..
265 2635 279 2640 -
292 2633 408 2640 .....--.-

209 2700 269 2752 848.
288 2697 455 2749 aluberto
474 2696 570 2748 Sabini
587 2699 608 2761 1,
628 2699 660 2748 14

306 2765 371 2817 dam
389 2766 460 2816 einis
478 2770 507 2816 et
523 2769 631 2817 tantum
649 2763 743 2816 flebile
761 2763 846 2828 Troja
864 2764 959 2816 solum.

206 2835 265 2886 851.
284 2833 337 2885 Ov.
355 2847 378 2883 e.
396 2833 475 2888 Pont.
493 2835 541 2896 1v,
559 2835 584 2896 6,
603 2836 637 2884 60

308 2901 345 2951 Et
363 2905 467 2952 certam
484 2915 619 2967 praesens
637 2900 685 2952 vix
702 2901 787 2952 habet
804 2904 878 2951 terro
896 2898 986 2950 fidem.

205 2970 333 3023 868-66.
359 2968 453 3019 Ovidii
479 2973 545 3020 sunt
570 2968 684 3020 Heroid.
708 2969 731 3020 1,
754 2984 780 3019 r.
797 2970 861 3018 63
865 2968 909 3029 66,
936 2969 1055 3019 mutavit
1082 2973 1177 3020 tamen

206 3040 302 3088 noster
324 3035 483 3102 „Phrygio“
507 3036 637 3088 Ovidii
629 3053 659 3086 ιιι
686 3035 802 3102 frigido,
830 3035 994 3087 Ouidianum
1025 3037 1176 3088 tenuimus

205 3105 266 3155 864.
283 3118 385 3169 mergo.
404 3103 532 3155 virorum.
584 3105 643 3155 866.
656 3106 698 3155 bi.
717 3103 807 3154 Guido
825 3103 860 3154 da
873 3103 975 3154 Colum
991 3103 1043 3167 (ed.
1057 3104 1174 3168 Argent.

209 3173 286 3234 1484)
306 3171 355 3222 fol.
374 3170 498 3252 pnenplt.
517 3174 547 3221 Α.
566 3172 618 3222 col.
637 3187 662 3222 a

310 3237 401 3290 Causa
419 3239 460 3289 rei
477 3239 542 3290 talis
560 3240 691 3290 meretrix
710 3242 771 3290 erat
790 3237 923 3302 exitialis,

342 3307 461 3357 Femina
480 3305 586 3371 fatalis,
605 3307 710 3358 femine
728 3307 805 3358 toste
822 3306 913 3361 melis.

207 3374 266 3426 868
287 3374 445 3440 emargine
463 3389 512 3440 pro
531 3389 634 3426 amore.
703 3375 762 3426 864.
779 3376 855 3440 Virg.
873 3374 943 3426 Aen.
961 3373 998 3432 11,
1017 3375 1067 3428 556

308 3441 457 3506 Pergama3
475 3446 518 3494 tot
536 3442 672 3508 qnondam
690 3442 800 3509 populis
818 3443 952 3508 terrisque
971 3442 1120 3508 superbum

309 3508 491 3574 Regnatorem
512 3508 607 3562 Asiae:
