2616 3980
433 176 493 262 uio.
514 210 549 266 11.
584 227 611 262 v.
631 211 772 262 ire-coc.
1046 209 1089 274 45

123 366 263 428 [lettres
286 365 435 425 venereus
458 373 487 425 et
509 365 722 444 qninquaginta
745 364 862 424 carinas
1040 375 1088 423 175

167 450 278 512 Omnes
300 458 369 510 sunt
392 449 496 528 plenae
519 450 646 510 l'ortibus
668 448 782 527 absque
806 467 885 510 seue.

122 540 160 598 At
183 536 302 611 triginta
324 533 421 595 Thoas
444 534 522 594 vehit
545 552 580 593 ex
604 533 789 594 Chalcedone
813 551 926 612 puppes

169 620 246 682 Huic
268 637 369 680 comes
390 617 534 698 Aulippus
558 619 687 697 huicque
709 617 877 698 Phidippus
899 625 972 687 erat,

123 705 282 784 Octoginta
304 705 442 766 vehitor
466 703 554 766 Creta
577 706 723 766 Meriones
745 710 776 765 et

166 791 225 852 Par
247 800 311 851 erat
333 790 508 851 ldorneneus
532 791 615 852 lortls
638 793 666 850 ei
689 792 799 851 socius.

121 875 168 936 Ex
190 873 295 936 Palaro
318 875 418 936 decies
440 875 486 936 bis
509 875 606 943 binas,
629 875 807 937 Protesilao!

166 960 256 1020 Ducis
278 968 308 1019 et
329 978 365 1020 ex
387 960 500 1040 Pyrgis,
524 979 541 1018 o
565 960 700 1021 Eumolel
723 960 838 1022 decern.

123 1043 181 1106 Dat
202 1045 323 1120 triginta
346 1053 425 1104 rates
446 1043 725 1124 Podaliriusgatque
748 1044 899 1114 Machaon,

166 1128 273 1206 lutras,
297 1128 494 1209 Triptolemo!
518 1129 642 1190 navibus
665 1141 731 1190 octo
754 1148 844 1190 rnare.

124 1209 345 1291 Quinquaginta
368 1221 447 1273 rates
470 1213 623 1275 Patroclus
645 1223 736 1290 agunt
757 1222 788 1273 et
810 1211 940 1275 hebilles
1041 1225 1089 1275 185

167 1297 211 1357 Ex
234 1296 353 1377 Scythia
375 1308 539 1377 properant
561 1298 820 1379 Myrmidonasque
843 1306 960 1359 vocant.

124 1380 288 1458 Alpbineus
309 1385 492 1446 vanienses
514 1384 599 1444 Elide
621 1401 675 1463 per
699 1402 780 1444 mare
803 1383 888 1443 ducit

166 1465 383 1543 Quinquaginta
407 1479 486 1528 rates
507 1467 800 1546 Amphimachusq'ue
822 1485 931 1532 comes,

123 1549 190 1612 Non
213 1549 297 1610 deest
318 1551 465 1628 Argolicis
487 1553 658 1629 praeclarus
680 1553 773 1614 hlarte
796 1552 924 1614 Leontos

167 1634 269 1694 llando
293 1637 490 1713 quaterdenas
512 1655 579 1698 curn
603 1636 761 1714 Polypoete
783 1646 873 1696 rates.

125 1719 245 1779 Guneus
268 1738 304 1779 ex
329 1719 430 1798 Cypho
453 1739 510 1780 non
534 1722 644 1781 militat.
660 1723 774 1798 irnpare
798 1732 874 1789 voto,

167 1803 224 1864 Sed
248 1804 337 1872 dicas,
362 1805 460 1864 decies
482 1806 599 1866 advehit
622 1814 688 1865 octo
711 1814 801 1865 rates.

126 1887 213 1947 hrma
236 1887 414 1948 Philoctetes
432 1907 496 1948 non
519 1887 678 1958 subtrahit,
702 1890 792 1949 irnrno
815 1889 931 1949 carinas

1 2041 5 2053 ‚
88 1989 90 1993 ·
168 1971 367 2049 Quadraginta
391 1973 478 2043 vehit,
501 1973 741 2052 Magnesiemque
763 1973 862 2033 trahit.

130 2055 272 2116 Arcadiae
293 2059 432 2136 princeps
456 2058 636 2136 penultimus
658 2066 702 2116 est
722 2060 880 2136 Agapenor

171 2138 228 2200 Sex
251 2138 349 2201 decies
371 2141 486 2203 ratibus
507 2151 633 2221 occupat
656 2142 704 2202 ille
728 2142 834 2204 solnm.

129 2221 298 2284 Mnestheus
320 2229 455 2286 occurrit
476 2225 512 2286 ab
535 2227 667 2296 Athenis,
692 2227 841 2306 puppibus
863 2233 962 2288 autern

167 2307 200 2368 lu
224 2309 442 2386 quinquagenis
464 2330 545 2372 arma
568 2312 710 2392 cibosque
734 2312 821 2372 vehit.

124 2392 183 2453 llas
205 2395 298 2470 igitur
317 2395 506 2474 reliquasque
529 2405 609 2457 rates
631 2415 697 2458 curn
720 2395 810 2455 rebus
832 2415 935 2458 earuru

169 2473 371 2554 Quadraginta
394 2498 498 2539 novem
522 2481 570 2542 dic
592 2481 753 2541 fabricasse
776 2479 878 2541 duces.
1038 2491 1089 2540 200

125 2560 235 2621 Omnes
257 2560 388 2622 illustres
411 2574 441 2625 et
461 2565 562 2625 Martis
584 2567 616 2624 ln
639 2563 755 2625 artibus
776 2582 869 2634 acres,
975 2641 979 2644 .

165 2645 250 2705 hlens
271 2645 380 2721 quibus
402 2657 448 2708 est
470 2647 548 2709 nolle
571 2649 688 2716 cedere,
711 2647 798 2708 malle
820 2649 906 2708 mori.

192 2831 250 2880 175.
282 2832 350 2894 Quis
367 2833 418 2894 eit,
439 2835 589 2894 nescimus,
613 2847 694 2896 quum
713 2832 746 2881 de
762 2832 888 2882 Venerec
906 2831 1024 2896 quodem
1041 2847 1090 2881 nn·

124 2895 207 2960 dique
227 2897 314 2948 altum
335 2898 483 2951 silentium.
553 2902 611 2950 177.
635 2898 700 2948 dou.
719 2898 880 2951 Calcedine.
935 2899 992 2948 178.
1025 2900 1089 2948 Phi-

124 2962 224 3028 dippus
242 2967 375 3017 eDurete
394 2983 443 3032 pro
461 2967 612 3032 Philippus.
667 2967 723 3017 179,
741 2973 769 3016 et
780 2981 841 3029 pro:
859 2966 893 3017 si.
949 2965 1006 3017 182.
1023 2965 1088 3017 cod.

124 3029 289 3084 oOimclee.
342 3035 400 3085 183.
425 3033 489 3084 coo.
514 3035 681 3085 Pelidarius.
749 3035 807 3087 187.
834 3035 856 3082 Α
879 3035 983 3083 Darete
1007 3035 1090 3083 nomi·

122 3103 206 3150 natur
228 3097 374 3166 Antiphus.
420 3101 500 3152 Elide
528 3117 576 3167 pro
606 3101 686 3151 llide.
773 3102 831 3151 189.
865 3102 992 3150 Leontos.
1021 3101 1089 3156 Dor.

123 3166 272 3218 Leonteus.
353 3170 410 3220 190,
448 3168 513 3218 Cod.
533 3169 667 3221 Polibete.
751 3171 807 3221 191.
838 3169 878 3218 sio
903 3183 938 3218 ex
955 3167 1021 3216 Dar.
1040 3183 1090 3233 pro

123 3232 223 3298 Cypro.
293 3237 351 3287 192.
379 3252 474 3300 margo
497 3251 545 3301 pro
567 3237 616 3287 ille
634 3235 751 3302 praebet
769 3242 843 3297 octo,
868 3235 917 3284 sed
936 3236 1022 3286 etsie
1040 3251 1089 3286 nu·

12 3305 18 3316 ·
122 3313 215 3352 merus
232 3303 355 3368 navium,
375 3303 469 3354 decies
487 3311 562 3355 octo:
586 3305 755 3368 discreparet
774 3319 790 3352 e
808 3302 925 3362 Durete,
951 3304 998 3368 qni
1015 3303 1088 3362 xxi,

21 3387 26 3394 ·
124 3372 153 3417 et
171 3368 206 3418 ub
225 3369 345 3420 Homero
364 3377 394 3421 et
410 3372 484 3421 Diot.
501 3372 549 3436 qni
561 3370 641 3420 XXII
654 3376 808 3420 numerent.
879 3373 936 3421 193.
957 3371 1027 3425 Phil.
1040 3387 1089 3437 pro

122 3433 280 3487 Policteres
298 3439 402 3488 codicis
419 3440 575 3503 posuimus;
595 3440 684 3488 Dares
702 3437 758 3487 ulio
771 3438 832 3488 loco
844 3441 936 3504 posuit
949 3439 1090 3490 Philocte·

121 3507 184 3568 tem,
204 3504 249 3554 bic
266 3505 424 3557 Prothoum.
