2616 4000
484 215 612 267 6661.
640 233 665 269 v.
685 216 828 268 ooo-seo.
1079 213 1139 278 191

175 369 247 430 Cum
270 367 384 430 luerint
406 385 498 428 unum
521 385 581 428 non
604 385 697 429 untrm
721 368 842 430 fulmina
867 375 989 438 terrent.

217 451 348 514 Verbera
370 470 430 514 non
453 455 564 522 nostra,
588 458 689 512 nostra
711 460 817 532 putare
839 452 928 514 salus.
1091 461 1142 511 870

174 537 206 598 ln
229 539 344 598 ioveam
366 551 471 599 cuncta
494 537 575 598 cadit
597 535 780 607 excellentia,
804 555 909 617 poena.

218 620 325 693 Gloria,
349 621 489 702 planities
511 639 599 682 omne
622 638 765 682 cacumen
788 620 888 683 habet.

174 705 279 768 Inclita
301 705 391 784 Troja
414 708 483 775 ruit,
505 705 627 783 vestigia
649 704 731 766 nulla
755 705 868 777 videtis,

216 791 250 852 ln
273 790 399 852 nihilum
422 790 520 860 rediit,
544 791 621 870 quod
645 789 718 851 nihil
742 797 810 852 ante
833 792 898 853 luit.

176 877 280 953 Reges,
305 875 413 954 regalis
436 875 595 954 opulentia,
619 874 699 937 natio
722 874 808 937 hellis

217 959 348 1038 Turgida
371 961 521 1039 pomposis
542 966 574 1019 ut
596 960 722 1036 periere,
745 962 832 1021 cinis.
876 991 879 997 ·

175 1043 236 1105 Nec
258 1044 349 1122 gladii
371 1046 464 1106 l'urias
486 1046 579 1105 evasit
600 1043 740 1124 Pyrrhus,
764 1045 884 1107 Orestes

217 1127 349 1207 Ejus-oh
371 1128 563 1190 Hermionam
587 1130 729 1190 terminat
751 1147 824 1190 ense
847 1129 936 1190 diem.
1151 1187 1156 1198 ,

175 1213 345 1276 Perioditur
366 1213 475 1291 gladiis
496 1214 697 1290 Agamemnon
722 1220 752 1272 et
772 1216 845 1292 ipse,
869 1232 925 1275 nec
948 1211 1026 1274 ullus
1098 1243 1105 1250 *

218 1297 374 1358 Extremus
395 1299 476 1359 sicco
499 1298 623 1374 contigit
644 1314 697 1358 ore
719 1315 818 1376 rogos.
1091 1304 1142 1354 880

558 1462 565 1468 .
571 1462 688 1469 ..-υ-...ω
693 1462 760 1467 --..-

174 1551 218 1612 Ad
239 1567 383 1629 generum
408 1548 525 1612 Cereris
546 1553 610 1612 sine
633 1551 724 1613 caede
747 1560 777 1614 et
799 1553 943 1630 sanguine
963 1553 1054 1632 pauci

177 1633 367 1696 Descendunt
389 1653 477 1714 reges
499 1644 529 1696 et
549 1638 629 1698 sicca
651 1645 749 1697 morta
771 1639 901 1716 tyranni.

175 1719 235 1780 llos
257 1720 347 1798 homo
369 1737 424 1798 per
446 1721 587 1798 strepitus
609 1722 729 1800 impone
751 1722 870 1782 silentia
893 1723 986 1790 carni,

218 1805 262 1865 Sit
284 1802 361 1864 hena
383 1804 500 1865 vivendi
522 1823 572 1866 res
595 1824 629 1866 ea
651 1806 748 1866 forma
772 1804 831 1865 tibi.
1115 1859 1118 1864 .

177 1889 231 1956 Tu.
255 1890 306 1968 qui
328 1886 471 1950 sublimes
493 1891 610 1951 conaris
632 1890 776 1951 scandere
799 1898 907 1959 turres,
1092 1898 1142 1948 885

137 1979 143 1984 '
217 1971 260 2033 Te
281 1971 366 2052 lapsu
387 1973 487 2035 subito
510 1976 727 2054 praecipitante
750 1993 831 2036 rues.

176 2056 272 2118 Crede
294 2056 379 2126 mihi,
403 2058 481 2119 hene
503 2061 528 2119 si
550 2058 656 2128 latitas,
681 2059 758 2120 bena
782 2061 853 2120 vivis
875 2069 906 2119 et
926 2059 1003 2118 inira

218 2143 381 2203 Fortunam
405 2142 497 2204 dobes
520 2162 613 2224 usque
636 2161 758 2205 manere
781 2151 871 2213 tuam,

175 2227 229 2296 Ne,
253 2244 320 2286 cum
344 2227 421 2289 iorte
444 2245 513 2290 suas
535 2229 692 2309 repetitum
718 2229 833 2290 venerit
854 2227 924 2289 olim

220 2311 280 2371 lieu
306 2313 402 2372 avium
425 2313 548 2392 plumas,
572 2312 749 2375 ridiculosus
772 2331 832 2375 eas.
983 2309 985 2313 ’
1091 2321 1142 2370 890

175 2499 235 2550 868.
273 2495 350 2546 Sens.
382 2496 511 2548 Fulmina
541 2515 601 2549 cum
630 2514 714 2548 unum
744 2499 823 2560 iuer,
852 2513 906 2548 non
929 2511 1012 2546 unum
1030 2501 1141 2548 terrent.

176 2566 235 2617 869.
255 2577 358 2628 margo.
377 2564 454 2615 66166
473 2570 525 2616 661.
604 2568 663 2621 878.
687 2581 793 2632 margo:
821 2563 893 2616 ullus
912 2579 1012 2616 eorum.
1083 2567 1142 2616 880.

177 2636 242 2682 6616
254 2631 329 2682 hunc
341 2646 447 2682 versum
464 2632 578 2698 legitur:
598 2649 653 2685 non
671 2638 737 2685 6661
754 2632 788 2683 de
806 2637 894 2695 textu,
913 2636 942 2682 et
953 2646 1049 2697 mergo
1061 2647 1141 2697 prce·

176 2701 222 2751 bet
240 2715 314 2762 „nou
333 2707 444 2764 propter
461 2698 572 2763 Trojam
590 2699 661 2751 hanc
681 2701 818 2766 assumpsi
835 2695 993 2764 materiam,
1013 2699 1063 2750 sed
1080 2714 1142 2765 pro-

175 2774 218 2818 ter
236 2765 307 2833 quod
325 2781 397 2816 nunc
416 2767 490 2818 dico:
509 2768 572 2828 „Tu
590 2769 637 2833 qui
654 2767 786 2820 sublimes
805 2766 880 2818 etc.“

244 2836 303 2886 886.
321 2834 364 2886 86.
385 2834 435 2885 Ov.
453 2835 537 2886 Trist.
557 2835 651 2899 111‚4,
671 2839 713 2887 25.
731 2837 764 2885 26

277 2900 364 2951 Crede
383 2903 461 2962 mihi;
482 2903 553 2954 bene
573 2904 620 2968 qui
636 2903 728 2967 latuit,
748 2903 817 2954 6666
836 2904 921 2952 visite
941 2906 971 2958 et
989 2903 1062 2952 intra

311 2970 460 3020 Fortunam
479 2969 562 3022 debet
580 2971 696 3036 quisque
713 2985 822 3022 manere
842 2985 928 3021 stram.

243 3037 368 3090 889..eas
386 3037 447 3088 nol.
468 3037 534 3091 (lod.
554 3040 600 3088 161
621 3039 752 3090 Scholion
771 3038 865 3088 hebet:
884 3037 944 3102 Idex
963 3038 1054 3088 evium
1073 3053 1141 3102 pen-

176 3119 227 3154 666
245 3111 299 3159 etc.
334 3102 408 3156 Aves
426 3105 530 3156 Christi
552 3112 615 3157 6661
637 3105 746 3167 666166,
775 3120 865 3171 penna
888 3105 1002 3156 virtutis
1025 3105 1059 3155 66
1078 3121 1141 3156 666·

175 3171 260 3222 lestis
278 3187 307 3223 se
325 3174 461 3225 levantes.
497 3175 558 3225 Rex
579 3175 671 3224 svium
695 3178 787 3223 autem
805 3171 929 3223 Christus
953 3178 1008 3235 est,
1034 3173 1141 3238 dequo

175 3239 326 3292 Psalmista
338 3237 390 3291 ait:
409 3255 479 3291 unus
492 3243 561 3308 regit
572 3255 615 3291 ma
634 3247 663 3291 et
680 3242 753 3306 ipse,
772 3240 896 3295 Christe!
915 3241 1035 3291 sinemo
1054 3240 1141 3292 nichil

175 3308 280 3367 poteris
298 3309 402 3362 facere.
437 3309 514 3359 Idem
532 3325 580 3360 rex
597 3310 689 3360 avium
708 3309 808 3375 plumis
827 3310 885 3359 suis
903 3323 953 3359 nos
973 3309 1058 3374 tegit,
1076 3308 1141 3360 dum

176 3375 234 3426 suis
251 3374 457 3426 beneficiisnos
475 3377 563 3426 nutrit
606 3376 684 3428 Unde
712 3377 833 3442 loquitur
861 3376 893 3426 de
915 3373 1047 3440 ingratis:
1077 3391 1142 3441 quo·

175 3443 246 3493 tiens
263 3442 338 3493 volui
357 3455 454 3506 cogere
473 3443 523 3494 sub
544 3443 596 3493 alis
615 3450 643 3494 et
661 3459 715 3495 non
734 3451 786 3497 etc.
822 3445 880 3495 1616
892 3459 939 3494 rex
952 3444 1024 3506 olim,
1044 3444 1072 3492 16
1085 3447 1139 3508 661,

173 3511 204 3560 16
221 3515 342 3560 extremo
364 3513 487 3561 examine
510 3525 571 3561 cum
595 3514 701 3562 venerit
724 3513 752 3562 iu
776 3511 922 3576 majestate
941 3526 1006 3577 666,
1032 3510 1140 3575 plumas
1212 3521 1216 3526 ’
