2616 3980
438 191 514 260 cre(
517 195 539 246 1.
574 209 600 250 v.
619 197 762 251 ero-aee.
835 179 837 183 ’
1004 185 1083 259 ²21,

113 349 224 412 Laetus
245 348 277 409 iu
300 364 383 408 arma
406 349 474 409 veni
495 365 551 408 nee
574 347 684 424 lentus,
707 366 824 428 semper
847 351 974 421 inistis,

69 445 72 450 '
158 434 189 495 Si
211 433 288 494 bene
311 439 339 493 te
362 434 438 502 novi,
462 441 632 516 meuserat
655 441 723 513 apta
745 431 809 496 tibi.
1030 443 1081 494 320

76 526 79 532 '
106 513 202 591 'Quod
224 521 275 580 tua
297 525 326 578 te
348 519 443 578 virtus
465 520 547 578 iuvet
569 526 600 579 et
622 519 778 598 sapientia,
802 518 893 579 credo

156 603 258 682 Turpe
280 620 335 663 nec
358 609 403 662 est
424 601 477 663 tali
498 599 673 664 credulitate
697 603 771 680 capi.

113 688 239 767 Saepius
261 696 418 766 expertum
441 687 511 748 iacit
533 688 715 767 experientia
738 698 863 758 certum,

155 773 200 834 Ad
223 789 326 833 causas
348 779 434 832 notas
456 779 502 832 est
523 771 660 833 dubitare
682 773 777 837 nefas.
871 773 876 778 ”

111 857 233 928 Laetus
256 858 305 925 ait,
329 857 461 925 reniam;
484 875 541 917 nec
563 875 611 916 me
634 855 719 918 labor
741 856 790 917 ilie
812 856 957 935 gravabit,
1030 866 1080 936 325

155 941 249 1004 Maior
272 941 316 1002 ab
332 943 432 1002 occiso
455 959 540 1002 mens
562 940 636 1002 mihi
659 942 768 1003 crescit
790 961 854 1003 avo.

111 1027 259 1088 Provocat
280 1025 427 1106 Hesyone,
451 1025 578 1106 praedae
600 1026 748 1095 violentia,
772 1033 895 1105 strages,

155 1110 304 1191 Multaque
327 1129 405 1191 quae
426 1113 521 1172 nostri
543 1111 714 1173 sustinuere
736 1111 876 1192 Phryges.

113 1194 275 1276 Si'placet,
297 1195 364 1266 ibo;
388 1193 457 1257 licet
479 1194 554 1256 mibi
575 1213 632 1256 uec
654 1195 811 1277 prudentia
834 1196 942 1257 mentis

156 1279 217 1343 Neo
239 1279 314 1342 mihi
337 1282 376 1342 sit
397 1281 489 1342 virtus
512 1283 656 1360 corporis,
680 1280 731 1343 ibo
753 1287 862 1348 tamen.

112 1365 195 1436 Quae
217 1373 323 1445 potero
345 1365 459 1436 faciam,
483 1365 535 1426 sed
558 1366 784 1445 praemeditatio
805 1383 906 1428 rerum
1015 1427 1017 1430 .

156 1451 251 1529 Saepe
273 1447 353 1510 bono
376 1467 496 1511 causam
519 1451 659 1512 claudere
681 1452 740 1512 line
763 1451 848 1512 solet.

110 1533 301 1613 Principium
323 1535 473 1615 finemque
496 1538 542 1596 rei
564 1534 724 1613 prudentia
746 1543 860 1614 spectat

155 1618 211 1690 Qui
234 1620 324 1679 nimis
347 1626 391 1680 est
414 1627 496 1682 tutus
518 1621 592 1681 retia
613 1619 680 1698 jure
702 1618 791 1680 subit.

13 1701 14 1704 ’
112 1704 179 1766 Non
202 1710 248 1765 est
269 1705 370 1782 ignota
393 1721 456 1765 res:
481 1712 526 1766 est
547 1706 691 1782 sapientia
715 1704 846 1775 Graecis,

155 1789 292 1851 Consiliis
314 1787 439 1859 inhiant,
464 1807 534 1850 ense
557 1807 705 1869 manuque
727 1787 825 1851 valent

111 1874 251 1935 Protinus
273 1880 306 1934 ut
328 1881 463 1936 nostrum
484 1881 584 1935 movet
606 1871 663 1935 iilis
686 1872 808 1934 dextera
830 1870 951 1945 bellum,

156 1957 223 2019 Nou
245 1965 316 2037 puto
339 1960 411 2034 quin
433 1958 535 2038 plures
557 1956 737 2019 auxilientur
760 1958 819 2028 eis;
887 2025 888 2028 Ἴ

113 2043 232 2104 Vicinos
255 2043 385 2119 aliosque
408 2042 498 2105 duces
520 2043 707 2122 populosque
730 2041 853 2104 ciebunt

156 2128 326 2189 Occurrunt
348 2126 436 2188 nobis
457 2126 488 2187 bi
513 2127 591 2188 velut
614 2128 692 2189 unda
715 2127 813 2188 maris.

112 2212 204 2282 Adde,
230 2211 308 2290 quod
330 2210 450 2274 inbellis
471 2230 526 2292 pro
549 2211 752 2274 dissuetudine
774 2210 846 2273 belli

154 2298 242 2359 Extat
263 2295 359 2357 adbuc
381 2299 461 2366 Asia,
485 2297 634 2358 desidiosa
657 2299 756 2374 quasi;
934 2305 938 2312 '

113 2381 179 2442 Non
202 2382 245 2441 sic
267 2380 400 2459 Europa:
423 2399 543 2460 semper
565 2381 683 2442 sudavit
704 2385 734 2441 in
757 2383 861 2452 armis;

155 2465 266 2526 Bellica
288 2467 429 2526 nimirum
453 2464 574 2528 brachia
596 2465 672 2528 bella
696 2468 804 2529 sciunt.

112 2550 188 2610 Hinc
212 2549 333 2610 Graecis
355 2549 451 2611 valida
474 2558 544 2612 sunt
566 2569 658 2622 arma,
680 2548 829 2630 probatio,
851 2549 944 2614 multa
1030 2559 1081 2609 345

155 2632 266 2694 Classis
288 2637 341 2704 cis,
364 2632 578 2700 uobisinclita
599 2634 678 2696 nulla
701 2638 784 2698 ratis.

110 2718 149 2779 bt
170 2717 243 2779 licet
265 2719 388 2780 eximias
410 2719 569 2800 protendat
591 2719 714 2781 Graecia
737 2722 825 2792 vires,

153 2801 217 2873 lbo,
241 2818 299 2882 quo
322 2805 348 2864 si
370 2812 402 2864 tu
425 2822 472 2865 me
495 2812 581 2884 pater
602 2805 648 2864 ire
667 2801 764 2882 jubes.

111 2955 317 2965 -ι--ι-α-ι-ι

179 3039 237 3100 323.
255 3036 350 3089 Ovidii
372 3042 416 3089 esi
435 3055 469 3089 ex
486 3041 568 3090 Pont.
587 3039 610 3102 Ι,
631 3042 654 3102 1,
671 3041 715 3094 44.
796 3041 854 3092 325.
872 3039 970 3091 ultima
986 3055 1082 3092 versuo

109 3121 175 3172 pars
195 3109 238 3157 eet
255 3105 354 3170 Virgil.
373 3107 439 3157 Aen.
458 3107 495 3171 11,
514 3109 572 3162 708.
651 3110 709 3158 331.
728 3110 770 3160 32.
788 3108 902 3159 Alenus.
920 3107 1080 3160 Antielaud.

109 3173 173 3224 Lib.
192 3173 221 3224 II
240 3173 276 3238 (p.
295 3174 340 3237 24)
359 3173 407 3224 lin.
426 3175 442 3225 8
461 3175 496 3226 ab
514 3175 601 3225 infra:
625 3173 741 3240 finisque
764 3177 842 3228 beati
860 3175 960 3228 Gratia
977 3175 1082 3241 princi-

109 3241 163 3306 piis
182 3255 290 3306 semper
307 3241 458 3308 respondet
475 3242 608 3295 houeeiie.
679 3246 736 3298 333.
755 3243 893 3310 Pamphil.
910 3243 999 3306 XVII,
1019 3246 1035 3294 ‘1

206 3307 389 3374 Principium
407 3309 544 3376 finemquo
564 3311 646 3362 simul
663 3311 843 3377 providentia
861 3316 978 3378 speciei.

110 3376 168 3428 334.
190 3375 325 3439 Anonym.
348 3377 446 3429 Nerei.
471 3395 497 3443 p.
516 3379 574 3429 501.
594 3378 643 3428 liu.
663 3381 687 3430 2.
768 3381 827 3432 339.
844 3394 942 3430 manus
965 3380 1081 3446 antiqua

110 3442 139 3492 in
156 3444 279 3508 margine
297 3459 347 3509 per
365 3445 529 3510 ‚,citabunl“
550 3445 679 3512 explicet.
