2618 3984
447 190 509 242 ura.
527 191 577 244 111.
612 209 638 246 v.
657 192 800 244 sea-asa.
1066 190 1107 256 83
1194 189 1195 194 ’

143 344 263 406 Somnia
286 361 323 404 ne
345 342 459 412 credes,
484 345 524 405 ait
545 343 663 414 Hector,
686 343 790 405 lallere
813 353 932 414 norunt,

184 429 227 489 Re
251 437 341 509 sup'er
363 427 419 488 hac
442 445 531 488 nemo
554 428 643 490 debet
665 428 776 493 habere
799 429 897 491 tidem.

142 515 248 576 Omnia
271 531 347 594 quae
369 530 458 574 sensu
481 512 638 574 volvuntur
660 521 727 574 vota
751 515 880 590 diurno,¹
1055 523 1105 574 365

182 600 307 660 Pectore
329 599 426 677 sopito
449 597 548 660 reddit
571 599 664 658 amica
687 601 781 678 quies

140 686 269 744 Venator
291 682 405 743 delesse
428 681 515 742 thoro
538 700 606 742 cum
629 682 765 744 membra
787 685 913 763 reponit,

182 768 266 828 Mens
289 778 386 828 tamen
410 767 447 827 ad
470 766 567 836 silvas,
591 767 628 827 ad
650 785 703 828 sua
725 766 818 829 lustra
840 768 926 830 redit.

140 852 226 925 Quod
248 853 333 912 timet
355 857 406 912 aut
428 859 528 929 sperat
550 859 600 912 aut
622 851 701 930 quod
724 852 878 914 meditatio
899 855 1017 924 format,

182 936 268 1008 Quod
291 934 444 1016 pausando
465 936 554 1016 jacet,
578 954 667 1015 saepe
690 937 793 998 videre
816 936 900 998 solet.
1055 947 1106 996 370

139 1021 271 1092 Femina,
296 1020 415 1100 quando
437 1039 508 1082 suus
530 1022 574 1081 vir
596 1022 628 1080 in
651 1021 850 1084 anxietatibus
873 1021 984 1092 haeret,

181 1105 244 1166 Hoc
268 1104 398 1166 videtin
421 1106 541 1175 somnis,
565 1105 645 1184 quod
667 1104 815 1184 vigilando
838 1108 932 1168 timet.

140 1189 256 1252 Frivola
279 1189 386 1258 vidisti,
412 1187 586 1250 muliebrem
609 1207 687 1269 pone
709 1193 860 1261 timorem,

183 1274 314 1336 Flectere
336 1292 396 1335 non
419 1273 509 1336 debet
531 1293 583 1335 cor
606 1273 750 1336 muliebre
773 1276 878 1338 virum.

27 1415 29 1420 .
139 1359 181 1420 Ad
203 1358 354 1421 Priamum
378 1359 483 1427 mittit;
508 1360 554 1419 lac
576 1377 639 1431 rex,
662 1362 738 1446 petit
759 1358 818 1430 illa,
842 1361 986 1421 maritus
1054 1369 1104 1418 375

182 1443 241 1504 llac
264 1445 329 1504 rice
353 1461 390 1504 ne
411 1444 514 1505 Martis
537 1447 708 1522 experiatur
731 1463 815 1522 opus.

138 1527 201 1590 Rex
224 1526 362 1598 Paridem
383 1527 469 1607 jubet
490 1534 519 1588 et
542 1528 686 1589 llelenum
709 1528 905 1607 Troilumque
928 1530 1041 1594 vocari:

181 1613 318 1674 Memnon
342 1619 371 1672 et
394 1613 508 1672 Aeneas
531 1615 768 1674 concomitantnr
791 1632 852 1674 eos.

138 1697 195 1758 Vos
218 1698 297 1758 acies
317 1703 427 1775 aptate,
451 1698 555 1764 refert,
579 1715 615 1757 ne
639 1704 722 1758 exeat
745 1696 865 1767 Hector,

181 1781 325 1840 Effectum
349 1781 467 1858 capiant
488 1787 521 1840 nt
544 1798 609 1842 mea
631 1781 730 1850 rerba,
754 1800 873 1861 precor.
1055 1791 1106 1841 380

198 1939 462 1997 ”ANDROMACHE
480 1942 685 1998 DISSUADET
703 1943 850 1998 BELLUM
867 1944 1037 2000 nunnoni.

138 2047 250 2128 Hector
272 2046 309 2107 ad
330 2047 557 2109 Andromachen
579 2051 625 2110 ira
648 2049 798 2110 mediante
822 2053 963 2122 cucurrit,

180 2134 268 2193 Arma
291 2135 426 2211 poposcit
448 2140 477 2193 et
499 2134 572 2195 haec
594 2132 796 2213 obstupefacta
818 2138 910 2196 stetit.

138 2218 314 2295 Astyanacta
336 2219 423 2296 rapit,
447 2225 590 2296 reputans
613 2215 701 2298 quoti
715 2219 793 2280 iilius
814 2220 864 2280 illc

177 2299 283 2361 Posset
303 2300 340 2362 ab
363 2300 444 2362 dicto
466 2320 518 2370 cor
540 2319 681 2364 revocare
704 2305 807 2382 patris.

136 2385 254 2463 Detegit
275 2384 354 2445 hunc
377 2385 473 2465 ajens:
496 2395 545 2448 tua
568 2387 673 2458 forma,
698 2391 858 2449 tenerrime
882 2387 938 2449 lili!
1053 2397 1103 2448 385

178 2468 297 2530 Patrem
320 2478 498 2549 compescat,
522 2489 560 2532 ne
583 2471 671 2533 modo
693 2471 770 2534 bella
794 2482 888 2551 gerat.

136 2553 175 2614 Se
197 2563 283 2633 pater
306 2553 342 2614 ad
365 2573 493 2633 puerum
515 2555 661 2627 submisit,
685 2575 787 2618 amore
810 2564 935 2634 paterno

135 2681 143 2702 .
177 2638 271 2698 Parvo
294 2647 417 2700 conatus
440 2638 539 2702 oscula
562 2658 650 2719 parva
673 2641 754 2703 dare.

136 2757 337 2764 -—----—

202 2807 260 2857 863.
281 2805 360 2858 Oete.
380 2807 451 2857 Dist.
470 2806 507 2869 ΙΙ,
527 2809 566 2857 tl.

202 2873 314 2924 Somnia
332 2889 366 2923 ne
385 2888 475 2936 aaran
494 2890 558 2924 nam
578 2891 654 2925 mens
672 2876 792 2926 humana
809 2877 881 2941 quod
900 2882 999 2943 optans

201 2940 272 2996 Dum
289 2941 398 3007 vigilat,
417 2947 520 3007 sperat,
539 2958 588 3007 per
607 2959 728 2993 somnum
747 2947 835 2995 cernit
853 2944 881 2994 id
900 2946 998 3012 ipsum.
1121 2999 1130 3014 ,

133 3009 277 3060 365-368.
296 3009 430 3074 depromti
449 3008 599 3060 Claudiani
624 3013 744 3062 carmine
763 3013 814 3063 XX
831 3027 857 3063 v.
878 3016 953 3065 1—4.
1041 3017 1099 3067 369.

133 3077 175 3126 70.
192 3076 308 3125 imitatio
328 3076 472 3126 Claudiani
490 3078 551 3142 XX,
570 3080 637 3129 'i-9

250 3143 336 3195 Furto
355 3143 460 3208 gaudet
478 3160 582 3207 amans,
602 3150 740 3211 permutat
757 3146 853 3197 navita
872 3163 978 3199 merces

284 3210 321 3260 nt
338 3211 407 3277 vigil
421 3210 538 3276 elapsas
557 3213 665 3277 quaerit
684 3219 785 3263 avarus
804 3228 878 3278 opes.

251 3277 413 3342 Blandaque
431 3278 549 3344 largitur
566 3280 670 3332 frustra
688 3279 844 3332 silianlibus
864 3273 960 3346 aegris*

285 3345 407 3410 Irriguus
426 3345 518 3410 gelido
535 3349 634 3412 pocula
654 3348 731 3398 fonte
750 3362 839 3412 sopor.

129 3415 189 3465 373.
209 3413 367 3463 muliebrem
390 3428 438 3478 pro
463 3412 521 3463 eod.
546 3415 733 3466 muliebreme.
819 3418 878 3471 374.
898 3417 1031 3470 muliebre
1049 3432 1098 3483 pro

130 3478 191 3532 cod.
209 3479 332 3532 muliere.
402 3482 459 3532 383.
479 3482 587 3548 Margo.
622 3484 752 3534 Actiones
771 3481 843 3535 lilius
860 3485 999 3537 Hectoris.

859 3567 894 3618 61
