2618 3984
458 188 521 239 cru.
539 187 585 244 Iu.
621 205 649 240 v.
669 187 778 240 cae-ae.
1041 186 1101 252 103

365 350 492 408 PUGNA
510 351 703 408 DUODEGIM
719 350 871 412 DIERUM.

135 460 200 520 Lux
222 456 301 521 redit
323 465 353 518 et
374 459 501 518 redeunt
522 459 552 518 in
575 457 695 528 bellum,
719 474 817 538 pugna
840 460 872 521 tit
894 461 982 530 acris,

178 541 285 604 Educit
308 542 438 604 Graecos
460 561 513 603 rex
536 543 714 622 Troilusque
738 559 815 604 suos
1072 553 1105 602 50

137 627 198 688 Nec
220 628 319 688 more!
343 646 375 687 se
398 627 524 688 densant
548 645 635 689 enses
658 635 687 688 et
709 627 824 706 spicula
846 625 955 698 laxant,

178 711 292 780 Omnia,
317 729 392 791 quae
415 720 584 790 penetrant,
607 713 760 790 sanguinis
782 711 879 772 imbre
902 713 1010 790 rigant.

137 794 284 856 Culminat
309 813 324 854 e
348 795 426 857 bello
449 795 577 871 Troilus,
601 800 784 858 contaminat
807 814 908 856 ensem

179 879 329 956 Sanguine
352 894 431 940 nunc
454 879 557 958 plebes
581 899 660 941 nune
683 879 817 940 leniendo
841 879 941 942 duces.

135 963 243 1041 Magno
266 980 298 1022 se
321 963 439 1025 lodiunt
460 967 567 1025 iratum
590 964 665 1024 velle
688 965 851 1034 studentes,
1067 973 1100 1023 55

180 1047 243 1108 Hac
265 1047 342 1108 turia
366 1047 488 1110 bissex
512 1051 686 1110 continuare
709 1050 781 1110 dies.

135 1129 189 1192 His
211 1131 289 1192 benc
312 1131 467 1212 completis
490 1152 544 1212 pro
566 1152 640 1213 pace
663 1142 803 1213 precatur
826 1133 944 1194 Atrides

178 1217 217 1278 Ut
237 1235 291 1278 sua
313 1219 457 1296 suscipiat
478 1217 584 1278 lunera
607 1228 704 1278 mater
725 1217 844 1279 humus.

134 1301 193 1362 Per
215 1317 331 1361 menses
354 1302 441 1362 datur
463 1301 513 1362 illa
536 1302 610 1364 duos
633 1310 663 1362 et
683 1321 737 1363 rex
759 1301 949 1364 Palamedem
1110 1376 1114 1384 Ι

183 1385 339 1463 Magnifice
362 1385 477 1466 sepelit,
500 1386 627 1464 lugubre
650 1405 771 1447 carmen
796 1389 864 1464 agit.
972 1413 974 1420 v
1071 1397 1106 1444 oo

12 1483 29 1510 ·
135 1469 267 1550 Quisque
289 1470 388 1532 studet
412 1470 539 1548 sepelire
561 1489 642 1540 suos,
666 1472 712 1531 his
736 1490 804 1531 vero
828 1471 957 1550 sepultis

177 1553 310 1616 Membra
333 1552 433 1615 brevis
455 1557 575 1636 requies
597 1555 632 1615 ad
656 1554 734 1615 mala
756 1555 844 1634 longa
867 1557 956 1620 levet.

331 1717 507 1774 ACHILLES
526 1717 694 1774 REOUSAT
712 1717 897 1796 Pontianus

135 1823 284 1903 Tempora
305 1825 386 1903 pacis
411 1832 510 1891 erant;
534 1824 703 1896 Diomedae,
727 1825 845 1893 Nestor,
869 1823 969 1886 Ulixes

177 1907 325 1969 Aeaciden
348 1908 467 1979 adeunt,
491 1907 569 1970 bella
592 1909 690 1970 levare
713 1916 829 1989 petunt.

135 1993 198 2054 Hoc
219 1996 421 2070 Agamemnon
445 1994 487 2052 eis
509 2002 718 2073 praeceperat;
742 1991 799 2076 ille
816 1991 962 2055 rebellem
1069 2003 1103 2053 65

179 2075 329 2138 Obiieiens
350 2078 473 2148 vultum,
498 2077 574 2138 bella
597 2076 696 2140 levare
718 2085 817 2156 negat.
886 2085 889 2089 '

136 2159 265 2231 Hecuba,
288 2180 327 2222 ne
348 2179 488 2241 pugnem,
513 2161 594 2232 dicit,
618 2181 685 2224 cum
709 2180 780 2240 rege
802 2163 925 2240 rogavit.

179 2247 263 2317 Vovi;
287 2247 408 2308 mentiri
430 2246 540 2309 talibus
563 2265 653 2309 ausus
676 2247 744 2308 ero?

111 2330 196 2392 -Nec
218 2329 291 2390 milri
314 2349 399 2392 mens
421 2330 501 2400 belli,
526 2333 625 2411 potius
648 2331 787 2393 desidero
809 2349 923 2411 pacem,
1009 2327 1015 2336 “

177 2415 277 2492 Longa
301 2431 435 2475 cremare
458 2415 535 2476 mala
558 2417 614 2476 scit
636 2417 729 2485 furor,
753 2418 798 2476 ira
821 2415 928 2476 brevis.
1072 2425 1106 2472 to

133 2499 184 2560 Lis
208 2499 308 2561 odium
332 2507 463 2577 generat,
487 2499 646 2562 concordia
668 2502 764 2562 nutrit
787 2518 929 2570 amorem,

177 2585 238 2644 Pax
261 2591 358 2662 portat
381 2586 478 2654 vitam,
501 2582 614 2664 proelia
638 2602 707 2645 vero
730 2602 846 2644 necem.

134 2665 260 2730 Odimus
282 2668 462 2747 accipitrem,
486 2670 555 2747 quia
577 2686 696 2747 semper
718 2670 789 2729 vivit
811 2670 842 2728 in
865 2668 965 2736 armis,
1019 2697 1022 2705 ·

176 2753 214 2812 Et
236 2751 371 2812 timidum
394 2751 497 2814 solitos
520 2756 551 2814 in
573 2771 665 2832 pecus
687 2754 731 2812 ire
755 2750 851 2831 lupos.

133 2837 265 2914 Reginae
288 2834 403 2914 Trojae,
428 2854 466 2896 ne
490 2836 596 2898 ducam
618 2836 739 2916 proelia,
763 2837 845 2904 vovi;
1072 2844 1104 2892 75

202 3006 243 3054 53.
262 3020 276 3054 e
295 3004 432 3068 margine,
452 3020 501 3068 pro
519 3005 578 3054 eod.
598 3005 746 3054 oeeminat.
817 3004 858 3057 66.
878 3018 892 3052 ε
912 3003 1035 3068 margine
1053 3019 1104 3068 pro

134 3071 194 3122 eod.
213 3070 293 3124 teria.
362 3073 403 3122 59.
423 3072 531 3136 Margo.
566 3071 625 3120 Pax
642 3071 697 3122 VII
714 3085 763 3136 per
781 3071 848 3120 dnos
867 3083 983 3121 menses.
1037 3073 1106 3121 tt·-

134 3139 175 3190 74.
195 3138 247 3189 Ov.
266 3139 318 3189 Are
336 3137 372 3201 Π,
392 3141 518 3190 tta-48.

153 3207 158 3210 ’
252 3207 376 3256 Dextera
393 3210 542 3271 praecipue
561 3205 637 3270 capit
656 3204 831 3270 indulgentia
849 3211 973 3256 mentesz

286 3271 431 3338 Asperitas
450 3274 550 3335 odium,
572 3287 711 3337 saevaque
730 3273 818 3322 verba
836 3281 956 3324 movent.

253 3339 367 3391 Odimus
384 3342 553 3406 accipitrem,
573 3341 637 3406 quia
655 3355 764 3406 semper
782 3341 853 3391 vivit
870 3342 899 3389 in
918 3339 1009 3405 ermis,

286 3407 323 3457 nt
340 3409 469 3474 pavidum
489 3407 585 3459 solitos
603 3409 632 3458 in
650 3421 736 3474 pecus
754 3407 795 3457 ire
813 3406 900 3474 lupos.

132 3476 175 3526 at.
195 3491 209 3526 e
227 3475 352 3541 margine
371 3492 420 3541 pro
439 3477 559 3541 inpetus.
