<?xml version="1.0" encoding="UTF-8"?>
<!DOCTYPE html PUBLIC "-//W3C//DTD XHTML 1.0 Transitional//EN"
    "http://www.w3.org/TR/xhtml1/DTD/xhtml1-transitional.dtd">
<html xmlns="http://www.w3.org/1999/xhtml" xml:lang="en" lang="en">
 <head>
  <title>
</title>
<meta http-equiv="Content-Type" content="text/html;charset=utf-8" />
  <meta name='ocr-system' content='tesseract 3.04.00' />
  <meta name='ocr-capabilities' content='ocr_page ocr_carea ocr_par ocr_line ocrx_word'/>
</head>
<body>
  <div class='ocr_page' id='page_1' title='image "./troilusalbertis00albegoog_0060.png"; bbox 0 0 2616 3980; ppageno 0'>
   <div class='ocr_carea' id='block_1_1' title="bbox 449 277 1149 364">
    <p class='ocr_par' dir='ltr' id='par_1_1' title="bbox 449 277 1149 364">
     <span class='ocr_line' id='line_1_1' title="bbox 449 277 1149 364; baseline 0.013 -33"><span class='ocrx_word' id='word_1_1' title='bbox 449 281 513 334; x_wconf 80' lang='lat' dir='ltr'><strong>Lib.</strong></span> <span class='ocrx_word' id='word_1_2' title='bbox 533 281 570 333; x_wconf 91' lang='lat'><strong>11.</strong></span> <span class='ocrx_word' id='word_1_3' title='bbox 604 295 631 337; x_wconf 74' lang='lat' dir='ltr'><strong>v.</strong></span> <span class='ocrx_word' id='word_1_4' title='bbox 654 281 765 333; x_wconf 78' lang='lat' dir='ltr'><strong>oe-et.</strong></span> <span class='ocrx_word' id='word_1_5' title='bbox 1050 277 1091 339; x_wconf 87' lang='lat'><strong>41</strong></span> <span class='ocrx_word' id='word_1_6' title='bbox 1145 357 1149 364; x_wconf 89' lang='lat'><strong><em>.</em></strong></span> 
     </span>
    </p>
   </div>
   <div class='ocr_carea' id='block_1_2' title="bbox 46 429 1095 3203">
    <p class='ocr_par' dir='ltr' id='par_1_2' title="bbox 46 429 1095 3203">
     <span class='ocr_line' id='line_1_2' title="bbox 46 429 992 510; baseline -0.005 -14"><span class='ocrx_word' id='word_1_7' title='bbox 46 478 50 486; x_wconf 84' lang='lat'>-</span> <span class='ocrx_word' id='word_1_8' title='bbox 130 435 266 510; x_wconf 86' lang='lat' dir='ltr'><strong>Magnus,</strong></span> <span class='ocrx_word' id='word_1_9' title='bbox 291 431 445 501; x_wconf 77' lang='lat' dir='ltr'><strong>facundus,</strong></span> <span class='ocrx_word' id='word_1_10' title='bbox 468 433 601 510; x_wconf 85' lang='lat' dir='ltr'><strong>prudens</strong></span> <span class='ocrx_word' id='word_1_11' title='bbox 622 435 823 510; x_wconf 75' lang='lat' dir='ltr'><strong>Agamemnon</strong></span> <span class='ocrx_word' id='word_1_12' title='bbox 847 429 992 505; x_wconf 82' lang='lat' dir='ltr'><strong>elalius,</strong></span> 
     </span>
     <span class='ocr_line' id='line_1_3' title="bbox 170 517 1092 595; baseline -0.009 -15"><span class='ocrx_word' id='word_1_13' title='bbox 170 517 286 580; x_wconf 81' lang='lat' dir='ltr'>Nobilis</span> <span class='ocrx_word' id='word_1_14' title='bbox 308 525 337 581; x_wconf 82' lang='lat' dir='ltr'><strong>el</strong></span> <span class='ocrx_word' id='word_1_15' title='bbox 359 517 442 594; x_wconf 81' lang='lat' dir='ltr'><strong>dives</strong></span> <span class='ocrx_word' id='word_1_16' title='bbox 463 517 691 595; x_wconf 82' lang='lat' dir='ltr'><strong>pervalidusque</strong></span> <span class='ocrx_word' id='word_1_17' title='bbox 714 518 778 577; x_wconf 90' lang='lat' dir='ltr'><strong>luit.</strong></span> <span class='ocrx_word' id='word_1_18' title='bbox 850 545 851 550; x_wconf 41' lang='lat'>¹</span> <span class='ocrx_word' id='word_1_19' title='bbox 1058 523 1092 572; x_wconf 77' lang='grc'><strong>60</strong></span> 
     </span>
     <span class='ocr_line' id='line_1_4' title="bbox 128 599 866 678; baseline -0.005 -14"><span class='ocrx_word' id='word_1_20' title='bbox 128 603 267 664; x_wconf 89' lang='lat' dir='ltr'><strong>Staturae</strong></span> <span class='ocrx_word' id='word_1_21' title='bbox 289 602 405 662; x_wconf 87' lang='lat' dir='ltr'><strong>mediae</strong></span> <span class='ocrx_word' id='word_1_22' title='bbox 427 601 579 666; x_wconf 79' lang='lat' dir='ltr'><strong>Menelaus</strong></span> <span class='ocrx_word' id='word_1_23' title='bbox 602 599 748 670; x_wconf 85' lang='lat' dir='ltr'><strong>amabilis,</strong></span> <span class='ocrx_word' id='word_1_24' title='bbox 772 609 866 678; x_wconf 86' lang='lat' dir='ltr'><strong>aptus,</strong></span> 
     </span>
     <span class='ocr_line' id='line_1_5' title="bbox 172 685 819 762; baseline -0.008 -14"><span class='ocrx_word' id='word_1_25' title='bbox 172 687 276 756; x_wconf 83' lang='lat' dir='ltr'><strong>llulus,</strong></span> <span class='ocrx_word' id='word_1_26' title='bbox 300 688 449 746; x_wconf 88' lang='lat' dir='ltr'><strong>l&#39;ormosus</strong></span> <span class='ocrx_word' id='word_1_27' title='bbox 471 692 500 744; x_wconf 86' lang='lat' dir='ltr'><strong>et</strong></span> <span class='ocrx_word' id='word_1_28' title='bbox 523 685 599 746; x_wconf 86' lang='lat' dir='ltr'><strong>bene</strong></span> <span class='ocrx_word' id='word_1_29' title='bbox 621 694 725 762; x_wconf 89' lang='lat' dir='ltr'><strong>gratus</strong></span> <span class='ocrx_word' id='word_1_30' title='bbox 747 691 819 745; x_wconf 89' lang='lat' dir='ltr'><strong>erat.</strong></span> 
     </span>
     <span class='ocr_line' id='line_1_6' title="bbox 128 768 836 851; baseline -0.006 -20"><span class='ocrx_word' id='word_1_31' title='bbox 128 768 279 850; x_wconf 81' lang='lat' dir='ltr'>Improba,</span> <span class='ocrx_word' id='word_1_32' title='bbox 302 770 443 831; x_wconf 77' lang='lat' dir='ltr'><strong>mobilior</strong></span> <span class='ocrx_word' id='word_1_33' title='bbox 464 769 546 838; x_wconf 86' lang='lat' dir='ltr'><strong>lolio,</strong></span> <span class='ocrx_word' id='word_1_34' title='bbox 570 769 700 851; x_wconf 79' lang='lat' dir='ltr'><strong>Ledaea!</strong></span> <span class='ocrx_word' id='word_1_35' title='bbox 723 769 836 836; x_wconf 83' lang='lat' dir='ltr'><strong>caduco</strong></span> 
     </span>
     <span class='ocr_line' id='line_1_7' title="bbox 172 854 803 934; baseline -0.006 -18"><span class='ocrx_word' id='word_1_36' title='bbox 172 854 238 916; x_wconf 92' lang='lat' dir='ltr'><strong>Non</strong></span> <span class='ocrx_word' id='word_1_37' title='bbox 261 860 381 934; x_wconf 88' lang='lat' dir='ltr'><strong>poteras</strong></span> <span class='ocrx_word' id='word_1_38' title='bbox 402 862 484 913; x_wconf 88' lang='lat' dir='ltr'><strong>tanto</strong></span> <span class='ocrx_word' id='word_1_39' title='bbox 506 854 562 915; x_wconf 86' lang='lat' dir='ltr'><strong>lide</strong></span> <span class='ocrx_word' id='word_1_40' title='bbox 587 870 709 913; x_wconf 89' lang='lat' dir='ltr'><strong>manere</strong></span> <span class='ocrx_word' id='word_1_41' title='bbox 732 855 803 913; x_wconf 87' lang='lat' dir='ltr'><strong>viro.</strong></span> 
     </span>
     <span class='ocr_line' id='line_1_8' title="bbox 128 937 753 1007; baseline -0.008 -5"><span class='ocrx_word' id='word_1_42' title='bbox 128 941 245 1002; x_wconf 75' lang='lat' dir='ltr'><strong>Aeneas</strong></span> <span class='ocrx_word' id='word_1_43' title='bbox 267 937 350 999; x_wconf 87' lang='lat' dir='ltr'><strong>rulus</strong></span> <span class='ocrx_word' id='word_1_44' title='bbox 373 937 504 1006; x_wconf 77' lang='lat' dir='ltr'><strong>affabilis,</strong></span> <span class='ocrx_word' id='word_1_45' title='bbox 528 957 581 999; x_wconf 91' lang='lat' dir='ltr'><strong>ore</strong></span> <span class='ocrx_word' id='word_1_46' title='bbox 603 947 753 1007; x_wconf 86' lang='lat' dir='ltr'><strong>venustus,</strong></span> 
     </span>
     <span class='ocr_line' id='line_1_9' title="bbox 173 1022 775 1102; baseline -0.007 -18"><span class='ocrx_word' id='word_1_47' title='bbox 173 1023 282 1092; x_wconf 85' lang='lat' dir='ltr'><strong>Fortis,</strong></span> <span class='ocrx_word' id='word_1_48' title='bbox 305 1022 462 1090; x_wconf 79' lang='lat' dir='ltr'><strong>facundus,</strong></span> <span class='ocrx_word' id='word_1_49' title='bbox 485 1023 665 1102; x_wconf 80' lang='lat' dir='ltr'><strong>consiliique</strong></span> <span class='ocrx_word' id='word_1_50' title='bbox 687 1023 775 1090; x_wconf 87' lang='lat' dir='ltr'><strong>scius,</strong></span> 
     </span>
     <span class='ocr_line' id='line_1_10' title="bbox 129 1103 833 1186; baseline -0.013 -14"><span class='ocrx_word' id='word_1_51' title='bbox 129 1109 227 1186; x_wconf 80' lang='lat' dir='ltr'><strong>Nigris</strong></span> <span class='ocrx_word' id='word_1_52' title='bbox 250 1106 386 1168; x_wconf 87' lang='lat' dir='ltr'><strong>laudatur</strong></span> <span class='ocrx_word' id='word_1_53' title='bbox 409 1105 512 1176; x_wconf 85' lang='lat' dir='ltr'><strong>oeulis,</strong></span> <span class='ocrx_word' id='word_1_54' title='bbox 536 1108 587 1167; x_wconf 89' lang='lat' dir='ltr'><strong>sed</strong></span> <span class='ocrx_word' id='word_1_55' title='bbox 612 1105 752 1166; x_wconf 78' lang='lat' dir='ltr'><strong>alacriter</strong></span> <span class='ocrx_word' id='word_1_56' title='bbox 773 1103 833 1166; x_wconf 85' lang='lat' dir='ltr'><strong>illis</strong></span> 
     </span>
     <span class='ocr_line' id='line_1_11' title="bbox 172 1190 852 1270; baseline -0.003 -18"><span class='ocrx_word' id='word_1_57' title='bbox 172 1191 270 1254; x_wconf 78' lang='lat' dir='ltr'><strong>Utitur</strong></span> <span class='ocrx_word' id='word_1_58' title='bbox 293 1199 326 1252; x_wconf 94' lang='lat' dir='ltr'><strong>ut</strong></span> <span class='ocrx_word' id='word_1_59' title='bbox 346 1190 459 1258; x_wconf 86' lang='lat' dir='ltr'><strong>ridens,</strong></span> <span class='ocrx_word' id='word_1_60' title='bbox 483 1194 528 1251; x_wconf 91' lang='lat' dir='ltr'><strong>vir</strong></span> <span class='ocrx_word' id='word_1_61' title='bbox 551 1194 629 1270; x_wconf 85' lang='lat' dir='ltr'><strong>pius,</strong></span> <span class='ocrx_word' id='word_1_62' title='bbox 651 1194 712 1252; x_wconf 89' lang='lat' dir='ltr'><strong>imo</strong></span> <span class='ocrx_word' id='word_1_63' title='bbox 734 1191 852 1250; x_wconf 84' lang='lat' dir='ltr'><strong>decens.</strong></span> 
     </span>
     <span class='ocr_line' id='line_1_12' title="bbox 130 1273 848 1352; baseline -0.006 -14"><span class='ocrx_word' id='word_1_64' title='bbox 130 1279 263 1338; x_wconf 75' lang='lat' dir='ltr'><strong>Antenor</strong></span> <span class='ocrx_word' id='word_1_65' title='bbox 284 1276 400 1352; x_wconf 63' lang='lat' dir='ltr'><strong>longus</strong></span> <span class='ocrx_word' id='word_1_66' title='bbox 423 1273 551 1352; x_wconf 87' lang='lat' dir='ltr'><strong>gracilis,</strong></span> <span class='ocrx_word' id='word_1_67' title='bbox 574 1285 720 1343; x_wconf 83' lang='lat' dir='ltr'><strong>versutos,</strong></span> <span class='ocrx_word' id='word_1_68' title='bbox 743 1284 848 1334; x_wconf 88' lang='lat' dir='ltr'><strong>acutus</strong></span> 
     </span>
     <span class='ocr_line' id='line_1_13' title="bbox 173 1358 857 1438; baseline -0.003 -19"><span class='ocrx_word' id='word_1_69' title='bbox 173 1361 233 1429; x_wconf 84' lang='lat' dir='ltr'><strong>Est,</strong></span> <span class='ocrx_word' id='word_1_70' title='bbox 257 1361 351 1436; x_wconf 90' lang='lat' dir='ltr'><strong>agilis,</strong></span> <span class='ocrx_word' id='word_1_71' title='bbox 374 1359 467 1428; x_wconf 86' lang='lat' dir='ltr'><strong>velox,</strong></span> <span class='ocrx_word' id='word_1_72' title='bbox 491 1360 629 1435; x_wconf 86' lang='lat' dir='ltr'><strong>providus</strong></span> <span class='ocrx_word' id='word_1_73' title='bbox 651 1367 739 1438; x_wconf 87' lang='lat' dir='ltr'><strong>atque</strong></span> <span class='ocrx_word' id='word_1_74' title='bbox 762 1358 857 1418; x_wconf 86' lang='lat' dir='ltr'><strong>dicax.</strong></span> 
     </span>
     <span class='ocr_line' id='line_1_14' title="bbox 132 1441 941 1522; baseline -0.007 -16"><span class='ocrx_word' id='word_1_75' title='bbox 132 1444 191 1506; x_wconf 91' lang='lat' dir='ltr'><strong>Ore</strong></span> <span class='ocrx_word' id='word_1_76' title='bbox 213 1452 356 1504; x_wconf 89' lang='lat' dir='ltr'><strong>venustus</strong></span> <span class='ocrx_word' id='word_1_77' title='bbox 379 1454 442 1505; x_wconf 89' lang='lat' dir='ltr'><strong>erat</strong></span> <span class='ocrx_word' id='word_1_78' title='bbox 465 1451 497 1503; x_wconf 92' lang='lat' dir='ltr'><strong>et</strong></span> <span class='ocrx_word' id='word_1_79' title='bbox 517 1452 639 1522; x_wconf 87' lang='lat' dir='ltr'><strong>pectore</strong></span> <span class='ocrx_word' id='word_1_80' title='bbox 662 1459 789 1519; x_wconf 88' lang='lat' dir='ltr'><strong>magnus</strong></span> <span class='ocrx_word' id='word_1_81' title='bbox 811 1441 941 1503; x_wconf 76' lang='lat' dir='ltr'><strong>Achilles</strong></span> 
     </span>
     <span class='ocr_line' id='line_1_15' title="bbox 172 1524 824 1607; baseline -0.006 -15"><span class='ocrx_word' id='word_1_82' title='bbox 172 1524 320 1592; x_wconf 80' lang='lat' dir='ltr'><strong>Strenuus</strong></span> <span class='ocrx_word' id='word_1_83' title='bbox 343 1534 372 1588; x_wconf 91' lang='lat' dir='ltr'><strong>et</strong></span> <span class='ocrx_word' id='word_1_84' title='bbox 393 1526 504 1595; x_wconf 86' lang='lat' dir='ltr'><strong>hilaris,</strong></span> <span class='ocrx_word' id='word_1_85' title='bbox 529 1528 696 1607; x_wconf 79' lang='lat' dir='ltr'><strong>dapsilitate</strong></span> <span class='ocrx_word' id='word_1_86' title='bbox 718 1526 824 1588; x_wconf 88' lang='lat' dir='ltr'><strong>libens.</strong></span> 
     </span>
     <span class='ocr_line' id='line_1_16' title="bbox 130 1611 905 1693; baseline -0.005 -19"><span class='ocrx_word' id='word_1_87' title='bbox 130 1611 262 1693; x_wconf 82' lang='lat' dir='ltr'><strong>Myrteus</strong></span> <span class='ocrx_word' id='word_1_88' title='bbox 283 1613 314 1671; x_wconf 92' lang='lat' dir='ltr'><strong>in</strong></span> <span class='ocrx_word' id='word_1_89' title='bbox 337 1615 430 1681; x_wconf 87' lang='lat' dir='ltr'><strong>crine,</strong></span> <span class='ocrx_word' id='word_1_90' title='bbox 454 1612 592 1679; x_wconf 89' lang='lat' dir='ltr'><strong>clemens,</strong></span> <span class='ocrx_word' id='word_1_91' title='bbox 617 1614 782 1673; x_wconf 88' lang='lat' dir='ltr'><strong>acerrimus</strong></span> <span class='ocrx_word' id='word_1_92' title='bbox 805 1613 905 1678; x_wconf 87' lang='lat' dir='ltr'><strong>armis,</strong></span> 
     </span>
     <span class='ocr_line' id='line_1_17' title="bbox 174 1694 848 1774; baseline -0.007 -15"><span class='ocrx_word' id='word_1_93' title='bbox 174 1697 307 1774; x_wconf 85' lang='lat' dir='ltr'><strong>Crispus,</strong></span> <span class='ocrx_word' id='word_1_94' title='bbox 330 1714 494 1759; x_wconf 86' lang='lat' dir='ltr'><strong>amorosus.</strong></span> <span class='ocrx_word' id='word_1_95' title='bbox 517 1696 640 1771; x_wconf 87' lang='lat' dir='ltr'><strong>grandia</strong></span> <span class='ocrx_word' id='word_1_96' title='bbox 663 1697 743 1756; x_wconf 81' lang='lat' dir='ltr'><strong>lacre</strong></span> <span class='ocrx_word' id='word_1_97' title='bbox 764 1694 848 1755; x_wconf 88' lang='lat' dir='ltr'><strong>levis.</strong></span> 
     </span>
     <span class='ocr_line' id='line_1_18' title="bbox 131 1777 951 1859; baseline -0.006 -18"><span class='ocrx_word' id='word_1_98' title='bbox 131 1780 258 1859; x_wconf 85' lang='lat' dir='ltr'><strong>Dapsilis</strong></span> <span class='ocrx_word' id='word_1_99' title='bbox 281 1786 311 1841; x_wconf 90' lang='lat' dir='ltr'><strong>et</strong></span> <span class='ocrx_word' id='word_1_100' title='bbox 333 1780 466 1858; x_wconf 87' lang='lat' dir='ltr'><strong>prudens</strong></span> <span class='ocrx_word' id='word_1_101' title='bbox 488 1778 652 1848; x_wconf 85' lang='lat' dir='ltr'><strong>Patroclus,</strong></span> <span class='ocrx_word' id='word_1_102' title='bbox 676 1797 803 1857; x_wconf 85' lang='lat' dir='ltr'><strong>corpore</strong></span> <span class='ocrx_word' id='word_1_103' title='bbox 825 1777 951 1858; x_wconf 83' lang='lat' dir='ltr'><strong>pulcher</strong></span> 
     </span>
     <span class='ocr_line' id='line_1_19' title="bbox 90 1862 825 1942; baseline -0.007 -14"><span class='ocrx_word' id='word_1_104' title='bbox 90 1918 93 1928; x_wconf 88' lang='lat'><em>.</em></span> <span class='ocrx_word' id='word_1_105' title='bbox 175 1864 270 1924; x_wconf 87' lang='lat' dir='ltr'><strong>Corde</strong></span> <span class='ocrx_word' id='word_1_106' title='bbox 291 1863 340 1942; x_wconf 93' lang='lat' dir='ltr'><strong>pio</strong></span> <span class='ocrx_word' id='word_1_107' title='bbox 363 1880 465 1942; x_wconf 85' lang='lat' dir='ltr'><strong>pacem</strong></span> <span class='ocrx_word' id='word_1_108' title='bbox 488 1865 579 1938; x_wconf 82' lang='lat' dir='ltr'><strong>gessit</strong></span> <span class='ocrx_word' id='word_1_109' title='bbox 602 1868 630 1922; x_wconf 86' lang='lat' dir='ltr'><strong>et</strong></span> <span class='ocrx_word' id='word_1_110' title='bbox 652 1881 704 1921; x_wconf 92' lang='lat' dir='ltr'><strong>ore</strong></span> <span class='ocrx_word' id='word_1_111' title='bbox 726 1862 825 1923; x_wconf 83' lang='lat' dir='ltr'><strong>iidem.</strong></span> 
     </span>
     <span class='ocr_line' id='line_1_20' title="bbox 132 1945 909 2027; baseline -0.004 -19"><span class='ocrx_word' id='word_1_112' title='bbox 132 1949 198 2027; x_wconf 89' lang='lat' dir='ltr'><strong>lpse</strong></span> <span class='ocrx_word' id='word_1_113' title='bbox 222 1946 438 2023; x_wconf 86' lang='lat' dir='ltr'><strong>smaragdineis</strong></span> <span class='ocrx_word' id='word_1_114' title='bbox 461 1945 554 2006; x_wconf 89' lang='lat' dir='ltr'><strong>oculis</strong></span> <span class='ocrx_word' id='word_1_115' title='bbox 578 1947 751 2024; x_wconf 72' lang='lat' dir='ltr'><strong>magnisque</strong></span> <span class='ocrx_word' id='word_1_116' title='bbox 773 1946 909 2013; x_wconf 87' lang='lat' dir='ltr'><strong>decorus,</strong></span> 
     </span>
     <span class='ocr_line' id='line_1_21' title="bbox 176 2028 910 2112; baseline -0.003 -21"><span class='ocrx_word' id='word_1_117' title='bbox 176 2029 217 2091; x_wconf 91' lang='lat' dir='ltr'><strong>0s</strong></span> <span class='ocrx_word' id='word_1_118' title='bbox 238 2032 301 2090; x_wconf 91' lang='lat' dir='ltr'><strong>sine</strong></span> <span class='ocrx_word' id='word_1_119' title='bbox 324 2035 424 2090; x_wconf 90' lang='lat' dir='ltr'><strong>mente</strong></span> <span class='ocrx_word' id='word_1_120' title='bbox 447 2028 555 2106; x_wconf 81' lang='lat' dir='ltr'><strong>loquax</strong></span> <span class='ocrx_word' id='word_1_121' title='bbox 577 2031 709 2090; x_wconf 82' lang='lat' dir='ltr'><strong>ereditur</strong></span> <span class='ocrx_word' id='word_1_122' title='bbox 731 2047 796 2112; x_wconf 81' lang='lat' dir='ltr'><strong>esse</strong></span> <span class='ocrx_word' id='word_1_123' title='bbox 819 2030 910 2089; x_wconf 85' lang='lat' dir='ltr'><strong>nelas.</strong></span> 
     </span>
     <span class='ocr_line' id='line_1_22' title="bbox 132 2112 876 2190; baseline -0.001 -15"><span class='ocrx_word' id='word_1_124' title='bbox 132 2113 237 2176; x_wconf 86' lang='lat' dir='ltr'><strong>Clarus</strong></span> <span class='ocrx_word' id='word_1_125' title='bbox 260 2132 340 2186; x_wconf 89' lang='lat' dir='ltr'><strong>voce,</strong></span> <span class='ocrx_word' id='word_1_126' title='bbox 364 2112 476 2182; x_wconf 86' lang='lat' dir='ltr'><strong>valens,</strong></span> <span class='ocrx_word' id='word_1_127' title='bbox 500 2117 650 2175; x_wconf 83' lang='lat' dir='ltr'><strong>formosus</strong></span> <span class='ocrx_word' id='word_1_128' title='bbox 672 2113 774 2175; x_wconf 86' lang='lat' dir='ltr'><strong>Oileus</strong></span> <span class='ocrx_word' id='word_1_129' title='bbox 795 2112 876 2190; x_wconf 73' lang='lat' dir='ltr'><strong>ljos,</strong></span> 
     </span>
     <span class='ocr_line' id='line_1_23' title="bbox 176 2197 890 2278; baseline -0.001 -19"><span class='ocrx_word' id='word_1_130' title='bbox 176 2198 288 2275; x_wconf 84' lang='lat' dir='ltr'><strong>Corpus</strong></span> <span class='ocrx_word' id='word_1_131' title='bbox 311 2197 479 2266; x_wconf 89' lang='lat' dir='ltr'><strong>deductum,</strong></span> <span class='ocrx_word' id='word_1_132' title='bbox 504 2197 637 2260; x_wconf 86' lang='lat' dir='ltr'><strong>membra</strong></span> <span class='ocrx_word' id='word_1_133' title='bbox 659 2199 801 2278; x_wconf 83' lang='lat' dir='ltr'><strong>quadrata</strong></span> <span class='ocrx_word' id='word_1_134' title='bbox 823 2197 890 2258; x_wconf 89' lang='lat' dir='ltr'><strong>sihi.</strong></span> 
     </span>
     <span class='ocr_line' id='line_1_24' title="bbox 132 2281 816 2350; baseline 0.007 -11"><span class='ocrx_word' id='word_1_135' title='bbox 132 2281 258 2347; x_wconf 81' lang='lat' dir='ltr'><strong>vocalis,</strong></span> <span class='ocrx_word' id='word_1_136' title='bbox 282 2281 396 2342; x_wconf 88' lang='lat' dir='ltr'><strong>validus</strong></span> <span class='ocrx_word' id='word_1_137' title='bbox 417 2284 487 2344; x_wconf 78' lang='lat' dir='ltr'><strong>Aiax</strong></span> <span class='ocrx_word' id='word_1_138' title='bbox 510 2282 701 2344; x_wconf 85' lang='lat' dir='ltr'><strong>Telamonius</strong></span> <span class='ocrx_word' id='word_1_139' title='bbox 723 2291 816 2350; x_wconf 84' lang='lat' dir='ltr'><strong>atrox,</strong></span> 
     </span>
     <span class='ocr_line' id='line_1_25' title="bbox 174 2364 926 2446; baseline -0.001 -19"><span class='ocrx_word' id='word_1_140' title='bbox 174 2364 315 2444; x_wconf 82' lang='lat' dir='ltr'><strong>Simplex,</strong></span> <span class='ocrx_word' id='word_1_141' title='bbox 339 2370 488 2428; x_wconf 86' lang='lat' dir='ltr'><strong>caesaries</strong></span> <span class='ocrx_word' id='word_1_142' title='bbox 509 2375 568 2428; x_wconf 91' lang='lat' dir='ltr'><strong>tam</strong></span> <span class='ocrx_word' id='word_1_143' title='bbox 593 2370 688 2444; x_wconf 83' lang='lat' dir='ltr'><strong>nigra,</strong></span> <span class='ocrx_word' id='word_1_144' title='bbox 712 2370 809 2446; x_wconf 87' lang='lat' dir='ltr'><strong>erispa</strong></span> <span class='ocrx_word' id='word_1_145' title='bbox 833 2385 926 2427; x_wconf 84' lang='lat' dir='ltr'><strong>corna.</strong></span> 
     </span>
     <span class='ocr_line' id='line_1_26' title="bbox 134 2449 908 2512; baseline -0.003 -1"><span class='ocrx_word' id='word_1_146' title='bbox 134 2450 198 2511; x_wconf 90' lang='lat' dir='ltr'><strong>Non</strong></span> <span class='ocrx_word' id='word_1_147' title='bbox 222 2449 368 2511; x_wconf 90' lang='lat' dir='ltr'><strong>lormosus</strong></span> <span class='ocrx_word' id='word_1_148' title='bbox 392 2460 455 2511; x_wconf 86' lang='lat' dir='ltr'><strong>arat</strong></span> <span class='ocrx_word' id='word_1_149' title='bbox 477 2452 529 2512; x_wconf 89' lang='lat' dir='ltr'><strong>sed</strong></span> <span class='ocrx_word' id='word_1_150' title='bbox 553 2459 618 2512; x_wconf 88' lang='lat' dir='ltr'><strong>erat</strong></span> <span class='ocrx_word' id='word_1_151' title='bbox 639 2452 785 2512; x_wconf 85' lang='lat' dir='ltr'><strong>lacundus</strong></span> <span class='ocrx_word' id='word_1_152' title='bbox 807 2450 908 2512; x_wconf 84' lang='lat' dir='ltr'><strong>Ulixes</strong></span> 
     </span>
     <span class='ocr_line' id='line_1_27' title="bbox 175 2534 919 2615; baseline -0.003 -19"><span class='ocrx_word' id='word_1_153' title='bbox 175 2534 379 2614; x_wconf 36' lang='lat' dir='ltr'><strong>Oresquidem</strong></span> <span class='ocrx_word' id='word_1_154' title='bbox 402 2534 480 2596; x_wconf 90' lang='lat' dir='ltr'><strong>laelo</strong></span> <span class='ocrx_word' id='word_1_155' title='bbox 502 2553 561 2596; x_wconf 92' lang='lat' dir='ltr'><strong>non</strong></span> <span class='ocrx_word' id='word_1_156' title='bbox 585 2545 683 2596; x_wconf 88' lang='lat' dir='ltr'><strong>tamen</strong></span> <span class='ocrx_word' id='word_1_157' title='bbox 706 2536 819 2615; x_wconf 87' lang='lat' dir='ltr'><strong>absque</strong></span> <span class='ocrx_word' id='word_1_158' title='bbox 842 2535 919 2594; x_wconf 83' lang='lat' dir='ltr'><strong>dolo.</strong></span> 
     </span>
     <span class='ocr_line' id='line_1_28' title="bbox 130 2618 826 2699; baseline 0 -20"><span class='ocrx_word' id='word_1_159' title='bbox 130 2619 277 2679; x_wconf 86' lang='lat' dir='ltr'><strong>Faeturae</strong></span> <span class='ocrx_word' id='word_1_160' title='bbox 300 2618 414 2679; x_wconf 88' lang='lat' dir='ltr'><strong>mediae</strong></span> <span class='ocrx_word' id='word_1_161' title='bbox 436 2620 492 2681; x_wconf 87' lang='lat' dir='ltr'><strong>luit</strong></span> <span class='ocrx_word' id='word_1_162' title='bbox 514 2629 545 2681; x_wconf 90' lang='lat' dir='ltr'><strong>et</strong></span> <span class='ocrx_word' id='word_1_163' title='bbox 566 2623 710 2699; x_wconf 87' lang='lat' dir='ltr'><strong>sapientia</strong></span> <span class='ocrx_word' id='word_1_164' title='bbox 734 2621 826 2680; x_wconf 91' lang='lat' dir='ltr'><strong>multa</strong></span> 
     </span>
     <span class='ocr_line' id='line_1_29' title="bbox 174 2702 842 2781; baseline -0.001 -18"><span class='ocrx_word' id='word_1_165' title='bbox 174 2702 278 2763; x_wconf 84' lang='lat' dir='ltr'><strong>Cordis</strong></span> <span class='ocrx_word' id='word_1_166' title='bbox 301 2705 343 2771; x_wconf 89' lang='lat' dir='ltr'><strong>ei;</strong></span> <span class='ocrx_word' id='word_1_167' title='bbox 367 2721 421 2763; x_wconf 87' lang='lat' dir='ltr'><strong>eur</strong></span> <span class='ocrx_word' id='word_1_168' title='bbox 443 2704 499 2763; x_wconf 83' lang='lat' dir='ltr'><strong>lroe</strong></span> <span class='ocrx_word' id='word_1_169' title='bbox 523 2706 714 2781; x_wconf 87' lang='lat' dir='ltr'><strong>praeteriisse</strong></span> <span class='ocrx_word' id='word_1_170' title='bbox 735 2704 842 2765; x_wconf 87' lang='lat' dir='ltr'><strong>veliml</strong></span> 
     </span>
     <span class='ocr_line' id='line_1_30' title="bbox 131 2784 872 2866; baseline 0.009 -21"><span class='ocrx_word' id='word_1_171' title='bbox 131 2784 207 2855; x_wconf 82' lang='lat' dir='ltr'><strong>Ouid</strong></span> <span class='ocrx_word' id='word_1_172' title='bbox 231 2787 267 2847; x_wconf 86' lang='lat' dir='ltr'><strong>de</strong></span> <span class='ocrx_word' id='word_1_173' title='bbox 289 2788 419 2848; x_wconf 83' lang='lat' dir='ltr'><strong>formosa</strong></span> <span class='ocrx_word' id='word_1_174' title='bbox 442 2789 537 2848; x_wconf 78' lang='lat' dir='ltr'><strong>llieam</strong></span> <span class='ocrx_word' id='word_1_175' title='bbox 561 2787 714 2850; x_wconf 86' lang='lat' dir='ltr'><strong>Briseidel</strong></span> <span class='ocrx_word' id='word_1_176' title='bbox 736 2785 872 2866; x_wconf 79' lang='lat' dir='ltr'><strong>simplex.</strong></span> 
     </span>
     <span class='ocr_line' id='line_1_31' title="bbox 174 2869 885 2952; baseline -0.004 -22"><span class='ocrx_word' id='word_1_177' title='bbox 174 2869 295 2941; x_wconf 86' lang='lat' dir='ltr'><strong>Blanda,</strong></span> <span class='ocrx_word' id='word_1_178' title='bbox 319 2873 497 2940; x_wconf 79' lang='lat' dir='ltr'><strong>verecunda,</strong></span> <span class='ocrx_word' id='word_1_179' title='bbox 521 2872 656 2941; x_wconf 87' lang='lat' dir='ltr'><strong>eandida,</strong></span> <span class='ocrx_word' id='word_1_180' title='bbox 680 2882 796 2952; x_wconf 89' lang='lat' dir='ltr'><strong>compta</strong></span> <span class='ocrx_word' id='word_1_181' title='bbox 820 2872 885 2932; x_wconf 88' lang='lat' dir='ltr'><strong>luit.</strong></span> 
     </span>
     <span class='ocr_line' id='line_1_32' title="bbox 130 2953 877 3035; baseline 0 -20"><span class='ocrx_word' id='word_1_182' title='bbox 130 2953 237 3015; x_wconf 84' lang='lat' dir='ltr'><strong>Junctu</strong></span> <span class='ocrx_word' id='word_1_183' title='bbox 260 2957 428 3033; x_wconf 86' lang='lat' dir='ltr'><strong>supercilia.</strong></span> <span class='ocrx_word' id='word_1_184' title='bbox 452 2957 557 3017; x_wconf 89' lang='lat' dir='ltr'><strong>molles</strong></span> <span class='ocrx_word' id='word_1_185' title='bbox 578 2956 729 3035; x_wconf 86' lang='lat' dir='ltr'><strong>llavosque</strong></span> <span class='ocrx_word' id='word_1_186' title='bbox 747 2955 877 3034; x_wconf 89' lang='lat' dir='ltr'><strong>capillos</strong></span> 
     </span>
     <span class='ocr_line' id='line_1_33' title="bbox 174 3038 1095 3120; baseline -0.007 -21"><span class='ocrx_word' id='word_1_187' title='bbox 174 3038 289 3116; x_wconf 86' lang='lat' dir='ltr'><strong>Corpus</strong></span> <span class='ocrx_word' id='word_1_188' title='bbox 312 3046 340 3099; x_wconf 92' lang='lat' dir='ltr'><strong>et</strong></span> <span class='ocrx_word' id='word_1_189' title='bbox 363 3043 496 3120; x_wconf 85' lang='lat' dir='ltr'><strong>aequale,</strong></span> <span class='ocrx_word' id='word_1_190' title='bbox 520 3041 629 3102; x_wconf 88' lang='lat' dir='ltr'><strong>lumina</strong></span> <span class='ocrx_word' id='word_1_191' title='bbox 653 3039 731 3100; x_wconf 85' lang='lat' dir='ltr'><strong>clara</strong></span> <span class='ocrx_word' id='word_1_192' title='bbox 754 3038 859 3118; x_wconf 93' lang='lat' dir='ltr'><strong>probo.</strong></span> <span class='ocrx_word' id='word_1_193' title='bbox 1061 3045 1095 3093; x_wconf 78' lang='lat'><strong>90</strong></span> 
     </span>
     <span class='ocr_line' id='line_1_34' title="bbox 130 3122 916 3203; baseline 0.001 -20"><span class='ocrx_word' id='word_1_194' title='bbox 130 3122 299 3183; x_wconf 86' lang='lat' dir='ltr'><strong>Debueram</strong></span> <span class='ocrx_word' id='word_1_195' title='bbox 321 3127 467 3203; x_wconf 86' lang='lat' dir='ltr'><strong>posuisse,</strong></span> <span class='ocrx_word' id='word_1_196' title='bbox 492 3126 571 3201; x_wconf 89' lang='lat' dir='ltr'><strong>quod</strong></span> <span class='ocrx_word' id='word_1_197' title='bbox 595 3124 669 3185; x_wconf 87' lang='lat' dir='ltr'><strong>haec</strong></span> <span class='ocrx_word' id='word_1_198' title='bbox 691 3123 815 3185; x_wconf 88' lang='lat' dir='ltr'><strong>allahilis</strong></span> <span class='ocrx_word' id='word_1_199' title='bbox 837 3130 916 3184; x_wconf 89' lang='lat' dir='ltr'><strong>esset</strong></span> 
     </span>
    </p>
   </div>
   <div class='ocr_carea' id='block_1_3' title="bbox 129 3352 1096 3560">
    <p class='ocr_par' dir='ltr' id='par_1_3' title="bbox 129 3352 1096 3560">
     <span class='ocr_line' id='line_1_35' title="bbox 200 3352 1094 3425; baseline -0.01 -15"><span class='ocrx_word' id='word_1_200' title='bbox 200 3360 242 3410; x_wconf 69' lang='lat'><strong>⁵10.</strong></span> <span class='ocrx_word' id='word_1_201' title='bbox 262 3357 328 3409; x_wconf 86' lang='lat' dir='ltr'><strong>Cod.</strong></span> <span class='ocrx_word' id='word_1_202' title='bbox 347 3359 434 3410; x_wconf 87' lang='lat' dir='ltr'><strong>velex.</strong></span> <span class='ocrx_word' id='word_1_203' title='bbox 505 3362 547 3411; x_wconf 81' lang='grc'><strong>73.</strong></span> <span class='ocrx_word' id='word_1_204' title='bbox 564 3359 663 3410; x_wconf 84' lang='lat' dir='ltr'><strong>Dares.</strong></span> <span class='ocrx_word' id='word_1_205' title='bbox 683 3357 785 3425; x_wconf 82' lang='lat' dir='ltr'><strong>capillo</strong></span> <span class='ocrx_word' id='word_1_206' title='bbox 803 3362 918 3421; x_wconf 83' lang='lat' dir='ltr'><strong>myrteo.</strong></span> <span class='ocrx_word' id='word_1_207' title='bbox 937 3357 1028 3407; x_wconf 80' lang='lat' dir='ltr'><strong>Ircan.</strong></span> <span class='ocrx_word' id='word_1_208' title='bbox 1046 3352 1094 3417; x_wconf 82' lang='lat' dir='ltr'><strong>IV,</strong></span> 
     </span>
     <span class='ocr_line' id='line_1_36' title="bbox 130 3425 1096 3491; baseline -0.007 -14"><span class='ocrx_word' id='word_1_209' title='bbox 130 3428 178 3477; x_wconf 84' lang='lat'><strong>111</strong></span> <span class='ocrx_word' id='word_1_210' title='bbox 208 3441 285 3476; x_wconf 81' lang='lat' dir='ltr'><strong>come</strong></span> <span class='ocrx_word' id='word_1_211' title='bbox 312 3427 446 3491; x_wconf 75' lang='lat' dir='ltr'><strong>myrthae.</strong></span> <span class='ocrx_word' id='word_1_212' title='bbox 481 3428 612 3478; x_wconf 81' lang='lat' dir='ltr'><strong>Fortasse</strong></span> <span class='ocrx_word' id='word_1_213' title='bbox 636 3429 697 3476; x_wconf 80' lang='lat' dir='ltr'><strong>erat</strong></span> <span class='ocrx_word' id='word_1_214' title='bbox 724 3427 801 3476; x_wconf 88' lang='lat' dir='ltr'><strong>color</strong></span> <span class='ocrx_word' id='word_1_215' title='bbox 827 3425 968 3490; x_wconf 79' lang='lat' dir='ltr'><strong>nigricans</strong></span> <span class='ocrx_word' id='word_1_216' title='bbox 994 3425 1025 3471; x_wconf 83' lang='lat' dir='ltr'><strong>ut</strong></span> <span class='ocrx_word' id='word_1_217' title='bbox 1051 3435 1096 3484; x_wconf 82' lang='lat' dir='ltr'><strong>ap.</strong></span> 
     </span>
     <span class='ocr_line' id='line_1_37' title="bbox 129 3485 1096 3560; baseline -0.009 -17"><span class='ocrx_word' id='word_1_218' title='bbox 129 3493 247 3546; x_wconf 86' lang='lat' dir='ltr'><strong>Philost.</strong></span> <span class='ocrx_word' id='word_1_219' title='bbox 277 3495 345 3548; x_wconf 86' lang='lat' dir='ltr'><strong>Her.</strong></span> <span class='ocrx_word' id='word_1_220' title='bbox 375 3494 427 3548; x_wconf 85' lang='lat'>11.·</span> <span class='ocrx_word' id='word_1_221' title='bbox 443 3494 467 3555; x_wconf 66' lang='grc' dir='ltr'><strong>ξ.</strong></span> <span class='ocrx_word' id='word_1_222' title='bbox 485 3497 518 3544; x_wconf 79' lang='lat'><strong>20</strong></span> <span class='ocrx_word' id='word_1_223' title='bbox 546 3511 572 3560; x_wconf 91' lang='lat' dir='ltr'><strong>p.</strong></span> <span class='ocrx_word' id='word_1_224' title='bbox 591 3496 641 3545; x_wconf 77' lang='lat'><strong>690</strong></span> <span class='ocrx_word' id='word_1_225' title='bbox 667 3499 723 3546; x_wconf 87' lang='lat' dir='ltr'><strong>not.</strong></span> <span class='ocrx_word' id='word_1_226' title='bbox 751 3497 777 3545; x_wconf 86' lang='grc'><strong>6.</strong></span> <span class='ocrx_word' id='word_1_227' title='bbox 797 3496 838 3545; x_wconf 87' lang='grc'><strong>13.</strong></span> <span class='ocrx_word' id='word_1_228' title='bbox 870 3492 927 3556; x_wconf 88' lang='lat' dir='ltr'><strong>(ed.</strong></span> <span class='ocrx_word' id='word_1_229' title='bbox 955 3485 1096 3551; x_wconf 82' lang='lat' dir='ltr'><strong>Olearius)</strong></span> 
     </span>
    </p>
   </div>
   <div class='ocr_carea' id='block_1_4' title="bbox 129 3552 965 3628">
    <p class='ocr_par' dir='ltr' id='par_1_4' title="bbox 129 3552 965 3628">
     <span class='ocr_line' id='line_1_38' title="bbox 129 3552 965 3628; baseline -0.004 -15"><span class='ocrx_word' id='word_1_230' title='bbox 129 3552 290 3628; x_wconf 72' lang='grc' dir='ltr'><strong><em>ὖακινθίνη</em></strong></span> <span class='ocrx_word' id='word_1_231' title='bbox 308 3552 392 3628; x_wconf 79' lang='grc' dir='ltr'><strong><em>κόμη.</em></strong></span> <span class='ocrx_word' id='word_1_232' title='bbox 461 3563 501 3613; x_wconf 77' lang='lat' dir='ltr'><strong>ts.</strong></span> <span class='ocrx_word' id='word_1_233' title='bbox 520 3562 641 3612; x_wconf 83' lang='lat' dir='ltr'><strong>creditur</strong></span> <span class='ocrx_word' id='word_1_234' title='bbox 658 3577 708 3627; x_wconf 90' lang='lat' dir='ltr'><strong>pro</strong></span> <span class='ocrx_word' id='word_1_235' title='bbox 727 3563 832 3613; x_wconf 85' lang='lat' dir='ltr'><strong>codicis</strong></span> <span class='ocrx_word' id='word_1_236' title='bbox 850 3561 965 3612; x_wconf 83' lang='lat' dir='ltr'><strong>ceditur.</strong></span> 
     </span>
    </p>
   </div>
   <div class='ocr_carea' id='block_1_5' title="bbox 0 0 1314 3980">
    <p class='ocr_par' dir='ltr' id='par_1_5' title="bbox 0 0 1314 3980">
     <span class='ocr_line' id='line_1_39' title="bbox 0 0 1314 3980; baseline 0 0"><span class='ocrx_word' id='word_1_237' title='bbox 0 0 1314 3980; x_wconf 95' lang='lat' dir='ltr'><strong> </strong></span> 
     </span>
    </p>
   </div>
  </div>
 </body>
</html>
