2616 3980
138 286 144 296 1
183 236 236 286 xit
443 212 451 223 '
593 219 744 272 Praefatio.

226 373 308 433 llens
330 383 430 435 tamen
451 373 583 446 incaluit,
607 375 725 450 vestigia
748 373 805 435 fida
828 372 989 451 sequendo.

212 458 342 529 ¹Daretis
364 459 445 536 frigii
467 458 628 537 Troianum
652 457 783 528 scribere
805 456 927 519 bellum.

184 549 213 602 et
234 543 338 602 finem:

226 626 264 687 Et
285 644 393 706 precor
415 625 464 687 ille
486 624 554 708 (sle)
578 628 637 687 mei
662 619 702 687 sit
724 627 941 687 consummatio
963 626 1051 704 cepti.

183 708 273 790 hujus
295 711 435 772 carminis
458 709 593 788 praebet.
633 709 689 770 Sed
714 711 864 771 mittamus
885 710 968 771 baec.
1089 711 1096 718 ’

269 794 358 855 biber
381 797 498 874 primus
520 795 616 856 nostri
638 803 742 873 poetae
765 795 896 855 continet
911 794 1026 855 Daretis
1049 795 1146 873 capita

183 878 242 937 I-
249 878 291 952 XI
297 899 313 948 ,’
329 879 476 940 secundus
498 880 592 958 capita
616 877 784 957 Xl-XXI,
807 879 912 939 tertius
927 879 1022 957 capita
1037 879 1146 940 XXI-

183 961 312 1035 XXVlll,
335 975 461 1040 quartus
483 967 578 1043 capita
604 961 889 1031 xxvttt-xxxvt
913 965 1036 1043 quintus
1052 966 1148 1043 capita

184 1045 327 1108 XXXVII.
352 1046 505 1118 XXXVIII,
529 1055 631 1108 sextus
653 1047 748 1126 capita
771 1045 1033 1107 XXXIX—XLIV.

270 1131 375 1191 Sermo
408 1148 467 1192 uon
502 1131 601 1192 differt
629 1151 645 1192 a
679 1131 876 1210 scriptoribus
909 1130 999 1210 hujus
1032 1134 1146 1202 aetatis

181 1215 291 1292 gaudet
314 1222 414 1276 tamen
430 1223 541 1294 auctor
563 1213 765 1292 logodaedalia
787 1226 820 1275 ut
842 1216 1013 1294 inscriptio:

224 1299 366 1368 „Troilus
385 1305 430 1360 est
451 1298 572 1361 Troilus
593 1300 724 1378 Trojano
746 1301 881 1378 prinpre
904 1307 1002 1376 natus,

268 1383 305 1442 Et
326 1382 404 1452 liber
426 1392 470 1444 est
492 1384 611 1445 TroIIus
634 1384 672 1444 ob
694 1383 803 1444 Troica
826 1381 902 1444 bella
924 1383 1075 1444 vocatus“.

184 1475 214 1527 et
234 1468 436 1543 fragmentum
458 1467 626 1546 Quadrigae
650 1469 769 1528 docent:

225 1551 332 1622 „Nunc
355 1554 456 1613 oriens
478 1552 565 1613 simul
589 1561 618 1612 et
640 1554 803 1613 moriens“.

268 1635 445 1717 Quanquam
468 1638 545 1696 enim
570 1639 658 1698 etiam
680 1636 729 1697 alii
751 1633 840 1716 hujus
856 1635 968 1697 saeculi
984 1638 1147 1716 scriptores

181 1717 252 1780 hnic
279 1719 350 1781 ludo
379 1738 500 1801 operam
530 1720 653 1802 dabant,
683 1728 786 1783 noster
808 1738 859 1780 eos
880 1729 1003 1799 superat
1026 1739 1147 1791 omnes:

84 1801 90 1812 ’
183 1802 268 1882 cujus
290 1803 374 1866 lusus
401 1806 450 1866 bic
480 1805 619 1868 nonnulla
642 1813 756 1868 tautum
779 1805 997 1884 praestantiora
1020 1805 1147 1885 praebe·

183 1906 247 1948 mus
271 1889 422 1968 exempla:

217 1972 239 2043 Ι,
262 1969 346 2034 499.
361 1972 475 2034 Rellum
498 1972 664 2042 Cassandra
687 1975 785 2035 nitens
808 1990 927 2035 cassare
949 1974 1094 2034 futurum.

189 2053 238 2123 ΙΙΙ,
304 2054 334 2118 3.
357 2057 511 2136 Aspecula
524 2056 679 2136 speculum
690 2056 846 2136 speculans
858 2056 1015 2119 inamabile
1028 2056 1146 2118 bellum.

191 2138 239 2208 lll,
282 2137 335 2201 57.
358 2143 476 2202 Aeneas
497 2145 621 2210 Aeneas,
645 2139 730 2219 cujus
752 2149 840 2220 caput
861 2159 954 2203 aenea
976 2143 1078 2207 cassts.

203 2226 236 2293 V,
280 2222 332 2286 31.
356 2224 433 2285 Ecce
454 2230 523 2285 tuus
545 2222 634 2285 luxus
657 2231 710 2294 est,
735 2224 852 2285 Troilus
874 2227 977 2304 Impie,
1000 2225 1106 2288 luctus.

204 2308 235 2385 V,
259 2305 330 2369 303.
353 2306 384 2369 4.
430 2308 465 2367 Et
498 2309 588 2370 miser
621 2311 653 2368 in
684 2309 807 2369 miseras
835 2308 966 2388 dejectus
1000 2329 1031 2371 es
1062 2313 1127 2390 ipse

677 2410 826 2462 cavernas,

496 2476 576 2548 Quas
609 2478 719 2538 mIsere
751 2477 871 2537 miseris
904 2494 960 2554 pro
987 2481 1145 2541 meretrice

255 2608 259 2613 .
675 2560 778 2622 dabas.

207 2645 238 2712 V,
261 2638 335 2706 419.
355 2641 429 2706 420.
452 2646 572 2707 Passive
595 2664 654 2707 nou
677 2647 798 2724 lascive;
825 2663 884 2706 nou
907 2646 983 2707 sicut
1003 2653 1135 2709 amantes

492 2730 539 2800 Se,
559 2730 609 2791 sed
628 2739 661 2791 ut
677 2738 811 2792 amentes
828 2745 1024 2809 composuere
1037 2738 1147 2793 truces.

204 2812 236 2884 V,
259 2809 333 2875 499.-
356 2809 428 2876 500.
452 2814 495 2875 De
516 2814 627 2876 timidis
643 2812 748 2875 tumidi
764 2815 837 2876 flunt
852 2814 1019 2876 hortamine
1030 2815 1148 2894 Pyrrhi,

492 2899 535 2960 lle
554 2898 666 2980 paridis
692 2899 777 2960 avida
798 2906 918 2977 pectora
944 2899 1053 2959 dantur
1073 2901 1126 2960 ita.

203 2982 235 3052 V,
248 2978 427 3046 541-545.
451 2983 488 3044 Et
503 2985 532 3044 vi
553 2985 671 3045 victutIs
692 2985 749 3045 erit
767 2982 818 3044 illa
835 2985 877 3042 vir
898 2992 929 3045 et
950 2986 1035 3062 quasi
1051 2984 1147 3053 rivir,

491 3068 542 3127 Vir
565 3086 683 3148 quoque
704 3086 765 3129 non
780 3066 844 3128 vilis
862 3070 952 3128 immo
969 3067 1061 3128 virilis
1079 3071 1146 3128 erit.

448 3152 570 3212 Femina
592 3154 652 3213 sive
676 3153 719 3212 vtr
741 3151 791 3213 es?
813 3152 862 3212 hic
884 3153 910 3214 si
931 3155 976 3213 vir
996 3168 1036 3217 es,
1060 3169 1147 3212 exere

671 3254 760 3314 mres,

490 3318 570 3381 Ilaec
584 3322 640 3382 erit
652 3324 683 3382 in
698 3323 726 3381 ri
742 3339 807 3389 res;
818 3319 928 3383 robore
947 3323 1148 3384 nouneviresl

448 3403 513 3464 Nou
526 3414 560 3466 tu
576 3405 721 3467 femineas
739 3403 883 3474 imbelles,
904 3405 994 3466 immo
1010 3405 1147 3469 rebelles.

203 3487 234 3557 V,
258 3484 330 3549 630.
376 3487 434 3547 Sed
459 3487 570 3566 frigere
592 3489 674 3550 vides
697 3508 749 3570 spe
772 3489 905 3550 fluitante
928 3487 1069 3570 Phryges
