2616 4000
383 233 387 242 ·
434 209 496 258 nac.
515 207 561 259 vr.
598 226 624 260 v.
643 211 789 260 eoo-ecc.
1037 206 1096 268 lll

130 362 232 422 Mitius
254 361 357 434 inveni
379 376 467 437 quam
491 367 519 418 te
542 375 637 435 genus
659 377 747 421 omne
768 361 910 427 serarum,

173 442 318 505 Antenor!
341 441 446 502 similis
468 441 588 502 esttibi
610 441 709 504 nullus
731 445 817 522 aper!
1047 453 1098 500 310

130 527 254 596 Urbem,
279 544 355 604 quae
377 526 471 587 multo
493 527 623 586 surrexit
645 527 680 586 ad
704 535 781 588 astra
805 526 916 596 labore,

177 611 239 672 Una
262 609 360 671 fecisti
383 619 471 670 nocte
492 610 602 688 perire,
625 609 711 690 lupe!

129 694 209 758 Urbs
232 693 321 765 hona,
345 693 487 756 nobiliter
509 702 632 756 steterat
653 712 728 774 quae
751 693 889 780 pluribus
911 695 1006 765 annis,

172 780 241 840 Flos
262 778 360 848 heiae,
382 775 505 858 'l’rojum
528 779 632 856 gloria,
655 795 772 856 gemma
795 777 955 857 Phrygum,

128 863 243 924 Hortus
265 863 405 931 tironum,
429 879 586 938 procerum
609 880 689 934 rosa,
710 861 771 922 lilia
794 881 908 940 regum,
1048 873 1097 920 315

173 946 285 1025 Pompa
308 944 485 1024 puellarum,
509 949 625 1010 mansio
648 957 731 1024 grata
755 946 874 1016 ducum,
958 1002 963 1010 .

129 1029 245 1092 Auxilii
267 1045 381 1099 murus,
405 1032 519 1108 patriae
540 1031 689 1094 tutissima
711 1032 811 1098 turris,

174 1113 198 1174 0
222 1113 325 1175 miser!
349 1130 366 1172 o
389 1111 496 1182 subito,
520 1119 549 1174 te
572 1117 738 1195 perimente
764 1117 852 1194 perit.

129 1198 233 1276 Turpe
256 1196 378 1276 quidem
400 1196 489 1266 dictu,
513 1197 564 1257 sed
588 1199 613 1258 si
634 1197 722 1260 modo
746 1217 815 1258 vera
839 1199 976 1267 latemur,

173 1282 296 1342 Saevior
321 1289 365 1340 est
388 1283 487 1341 animo
510 1282 609 1362 vipera
633 1281 712 1342 nulla
736 1291 797 1344 tuo.
1047 1291 1098 1339 330

129 1365 266 1446 luppiter
288 1367 320 1424 in
343 1364 453 1425 multos
475 1366 631 1427 temeraria
654 1367 780 1428 fulmina
802 1373 930 1444 torquet,

172 1448 229 1521 Oui
251 1465 388 1527 poenam,
412 1467 501 1529 quam
525 1457 566 1519 tu,
589 1467 649 1511 non
672 1468 811 1511 meruere
834 1451 904 1528 pati.

89 1529 93 1538 ’
130 1535 175 1593 Tu
198 1551 315 1612 quoque
338 1531 524 1612 Polydamas,
548 1537 599 1612 qui
620 1533 710 1594 rerba
733 1535 860 1595 celanda
884 1533 1013 1604 leuchae,

173 1616 277 1677 Nonne
298 1617 372 1676 ieris
394 1616 576 1695 saeuisplus
599 1617 726 1678 feritatis
748 1616 858 1679 hahes?

128 1700 236 1762 Prodis
258 1701 289 1759 in
310 1707 438 1762 mortem
461 1717 571 1777 pueros
591 1698 774 1780 juvenesque
796 1719 951 1780 senesque,
1048 1709 1098 1760 325
1196 1713 1197 1720 ¹

179 1783 212 1844 ln
236 1783 344 1863 quihus
366 1790 396 1844 et
418 1783 553 1853 recubas,
577 1787 693 1861 moenia
717 1786 795 1846 clara
818 1803 944 1846 cremas.

130 1867 322 1940 Quem-libet
343 1875 407 1928 acta
431 1867 573 1947 probant,
603 1869 723 1948 etquid
748 1886 806 1929 non
829 1868 965 1948 proditor
989 1868 1098 1930 audet?

173 1951 327 2031 Terraque
350 1951 386 2011 ‹le
410 1953 517 2030 lructu,
541 1970 628 2029 quam
652 1955 690 2012 sit
711 1970 821 2022 amara,
845 1953 941 2014 docet.

129 2035 213 2106 Quae
235 2052 321 2112 seges
344 2031 457 2097 inlecta
476 2045 578 2114 surget
600 2053 658 2096 non
682 2035 803 2098 decolor
826 2035 929 2105 herba,

171 2117 346 2179 Arbore-de
370 2119 449 2181 ‹lulci
474 2121 569 2181 dulcia
593 2139 680 2200 poma
700 2120 821 2181 cadunt.
1046 2129 1098 2178 330

130 2203 248 2272 Nescio,
272 2208 422 2264 tantorum
446 2222 511 2264 cum
535 2207 574 2264 sit
596 2205 738 2282 pincerna
761 2205 916 2278 malorum,

174 2286 314 2348 Carmine
337 2304 395 2364 quo
417 2290 525 2366 iungar
548 2291 579 2348 iu
602 2294 653 2348 tua
675 2289 733 2350 lata
755 2290 855 2350 lerox!

133 2371 168 2431 ΙΙΙ
190 2370 246 2431 tibi
269 2370 340 2432 dent
362 2373 508 2451 sociisque
530 2376 590 2433 tuis
614 2374 794 2451 inopemque
818 2381 977 2442 senectam,

174 2455 212 2516 lit
234 2455 337 2532 longas
360 2455 483 2526 hiemes,
507 2460 741 2536 perpetuamque
764 2457 852 2517 sitim.

327 2601 518 2670 ¹[PYRRHUS
537 2600 704 2658 OCCUPAT
722 2601 892 2674 Poteram]
976 2647 980 2658 .

130 2704 297 2784 Egrediens
318 2709 350 2767 in
373 2715 468 2768 castra
492 2707 585 2767 Sinon
609 2707 707 2768 audita
730 2716 873 2787 reportat,
1049 2718 1098 2767 335

175 2791 239 2850 llen
261 2807 328 2850 cum
346 2790 523 2870 Grajugenls
544 2791 661 2868 singula
685 2789 773 2851 verba
797 2800 894 2861 notat;

199 2942 258 2992 303.
277 2940 373 2991 Ovidii
391 2949 433 2993 eet
449 2940 617 3003 Heroid.·X‚
637 2943 661 2993 1.
773 2943 831 2993 310.
851 2941 956 3006 Margo.
986 2942 1097 2992 Invehi-

130 3013 176 3059 tur
193 3009 223 3058 in
241 3010 416 3059 Antenorem.
502 3010 560 3062 331.
578 3009 622 3062 22.
640 3007 719 3060 Ovid.
739 3024 763 3059 e.
781 3009 862 3060 Pont.
881 3008 931 3070 ΙΙΙ,
951 3010 976 3071 6,
995 3010 1036 3059 27.
1055 3011 1097 3072 28,

132 3076 182 3126 ubi
200 3075 444 3127 tamensecumluc
461 3090 559 3126 versus
577 3079 670 3125 sonet:

301 3143 355 3205 Qui
375 3158 488 3208 poenam
506 3141 607 3206 culpae
625 3157 680 3193 non
698 3156 819 3192 meruere
836 3143 904 3208 pati.

132 3211 190 3260 333.
210 3209 318 3274 Mergoc
336 3209 483 3260 Invehitur
500 3209 529 3258 in
548 3207 785 3272 Polydamantem.
842 3211 899 3260 337.
920 3206 1002 3261 ovid.
1021 3211 1098 3262 Fuet.

130 3275 166 3339 11,
185 3277 244 3326 331.
262 3276 326 3340 quid
345 3291 400 3328 non
417 3292 494 3328 emor
510 3277 649 3342 improbus
666 3275 760 3328 audet.
855 3275 936 3328 ovid.
953 3292 976 3330 e.
995 3279 1026 3328 P.
1045 3279 1101 3338 111,

130 3343 156 3406 8,
177 3344 218 3393 16.
287 3345 345 3394 333.
365 3345 406 3394 er.
426 3344 477 3398 Ov.
495 3343 555 3400 Am.
573 3343 597 3395 1.
616 3346 642 3408 8,
662 3345 771 3394 11314

215 3409 253 3459 Di
273 3410 325 3460 tibi
342 3410 407 3461 dent
422 3409 567 3478 nullosque
587 3412 670 3474 lares,
687 3412 849 3476 inopemque
867 3415 1009 3464 senectam

249 3477 286 3528 m
304 3477 402 3549 longae
421 3483 475 3534 etc,

182 3555 285 3601 Troilon.v
327 3553 333 3558 ’
864 3565 895 3613 12
