2616 3980
458 246 518 300 Lib.
537 245 574 298 Il.
609 261 635 295 v.
653 245 798 296 ser-494.

195 399 324 470 Consilii¹
339 416 442 461 causas
465 415 481 458 a
503 395 663 457 Palamede
686 396 777 456 datas.

151 486 206 546 ilio
228 483 361 554 latronis,
384 483 434 548 ait.
458 498 523 542 mos
545 488 574 541 et
596 480 727 542 sollertia
750 479 859 554 lurum,

195 569 289 631 Nocte
311 566 486 635 latrociniis,
510 573 596 626 nocte
617 583 724 625 vacare
746 564 831 624 dolis.

151 653 189 716 Ut
209 652 345 732 jugulent
368 651 513 719 homines,
537 657 665 728 surgunt
686 649 722 710 de
746 655 834 710 nocte
856 645 989 710 latrones
1064 657 1117 706 470

193 737 344 818 Turpibus
366 746 429 797 atra
452 735 516 796 lues
538 733 671 795 creditur
694 751 760 794 esse
782 731 854 792 dies.

151 820 272 882 Publica
294 837 354 883 uon
377 819 488 882 audent
511 821 589 879 inter
610 825 802 879 monumenta
826 818 927 882 venire

195 906 278 968 Clara
301 923 361 966 non
383 905 497 966 luerint
517 920 593 983 quae
615 901 764 964 celebrata
787 901 844 962 die.

151 991 241 1052 Facta
263 990 370 1051 decent
392 987 547 1050 manifesta
569 989 648 1048 viros
670 989 789 1066 aperire
811 987 955 1065 prolecto,

193 1074 231 1136 lli
255 1072 366 1136 debent
388 1089 494 1151 operas
516 1089 576 1132 non
600 1073 719 1150 operire
741 1089 819 1132 suas.
1067 1079 1117 1128 475

151 1159 276 1222 Noctem
298 1160 429 1240 peccatis
452 1164 482 1217 et
504 1156 657 1217 iraudibus
679 1156 767 1218 obice
789 1155 909 1225 nubem,

197 1243 305 1304 Dicunt
327 1249 480 1322 patrantes
502 1240 576 1301 clam
599 1244 664 1302 sine
687 1248 763 1310 teste
785 1242 878 1302 neias.

153 1327 214 1389 Nos
236 1326 347 1388 claram
370 1323 490 1405 Trojam
514 1324 596 1387 claro
617 1324 673 1386 sub
695 1325 759 1386 sole
781 1333 927 1405 petamus,

173 1471 175 1474 .
198 1413 300 1474 Noctis
322 1409 467 1473 militibus
489 1407 628 1471 nolumus
651 1427 715 1470 esse
738 1426 833 1488 pares.

152 1495 232 1558 Utile
254 1495 410 1557 consilium
432 1493 599 1556 Palamedis
621 1511 689 1554 cum
712 1495 751 1554 sit
771 1494 939 1563 honestum,
1067 1500 1127 1550 480¹

195 1581 406 1642 incunctanter
428 1578 520 1641 babet
541 1581 648 1639 concio
670 1585 732 1638 tota
755 1587 863 1640 ratum.

224 1733 359 1832 cunum
377 1773 547 1830 veremur
564 1771 614 1828 nu
632 1774 765 1829 uacuus
783 1773 1039 1829 anonumum.

152 1897 342 1962 Proclamant
362 1914 506 1977 proceres
527 1897 747 1973 Agamemnona
770 1894 868 1956 denuo
890 1913 1002 1976 regem,

195 1981 278 2041 Vivat
299 1997 362 2051 rex,
386 1981 478 2041 vivat:
502 1979 585 2040 ouria
608 1986 668 2039 toto
691 1984 786 2040 sonat.

155 2065 285 2144 imperat
306 2065 409 2126 accitis
431 2062 640 2143 praeconibus,
665 2071 697 2123 ut
718 2062 808 2124 simul
830 2080 934 2125 omnes

198 2150 343 2229 incipiant
364 2151 450 2226 signo
471 2146 535 2209 vela
558 2145 656 2210 levare
679 2147 758 2210 datu.
1067 2158 1117 2210 486

154 2235 282 2314 imperio
304 2234 375 2295 laeti
396 2240 512 2313 parcnt,
536 2251 581 2294 ao·
590 2231 670 2312 jussa
693 2233 845 2294 lacessunt

195 2319 337 2398 Quaeque
359 2317 482 2380 levanda
504 2317 613 2385 levant,
636 2333 772 2395 quaeque
794 2315 924 2395 paranda
947 2325 1064 2396 parant

151 2404 184 2464 ln
206 2403 318 2464 bellum
340 2401 434 2464 latura
458 2401 543 2463 cibos
564 2399 705 2481 'l'elepbia
729 2418 821 2479 regna
1055 2410 1068 2426 “

196 2488 288 2548 intrat
310 2487 432 2550 honesta
454 2488 527 2547 viris
550 2503 622 2563 rege
644 2484 760 2546 volente
782 2487 864 2548 ratis.

153 2574 255 2633 Annus
277 2571 341 2632 abit
362 2570 531 2650 placitaque
553 2579 674 2631 movent
695 2568 816 2649 spiralia
839 2578 958 2632 ventum
1066 2580 1118 2630 490

194 2656 237 2717 nd
260 2673 343 2716 mare
366 2663 495 2717 maturat
517 2657 629 2718 Graeca
650 2653 769 2735 juventa
792 2655 929 2732 gradum,

152 2741 189 2802 Et
210 2743 296 2819 signo
318 2741 396 2802 lacto
418 2741 497 2802 redit
518 2757 638 2810 ancora,
662 2737 785 2801 carbasa
807 2748 944 2817 surgunt,

195 2829 356 2886 Antemnas
379 2824 530 2894 adhibent,
554 2823 617 2884 vela
639 2823 770 2903 repanda
794 2830 905 2902 patent.

153 2911 218 2971 Jam
241 2927 326 2972 mare
349 2907 479 2971 velivolis
501 2907 561 2970 late
584 2911 754 2970 contexitur
776 2906 830 2970 alis

219 3145 279 3197 468.
297 3141 419 3194 (innitor.
436 3143 585 3195 Alexandr.
603 3143 652 3207 IV,
671 3145 721 3196 353
763 3165 769 3175 ·

255 3212 310 3262 Hic
326 3210 444 3260 latronis
462 3211 504 3260 eit
520 3225 587 3274 mos,
605 3211 676 3262 beeo
693 3209 809 3261 solertis
828 3210 926 3262 iurum.

151 3283 211 3335 469,
229 3277 386 3328 latrociniis
404 3291 419 3327 e
437 3277 562 3342 margine
580 3292 629 3342 pro
646 3277 779 3331 latrociis.
797 3276 891 3328 (insit.
908 3275 986 3328 Alex.
1000 3275 1048 3339 IV,
1060 3278 1119 3330 355.

255 3346 365 3398 Summa
382 3359 483 3395 nocere
501 3343 573 3396 dolis
592 3349 628 3394 et,
639 3345 738 3396 tallere
756 3343 853 3395 frande
872 3344 978 3395 latenti.

151 3418 211 3468 470.
227 3412 341 3465 Horatii
360 3414 403 3462 est
419 3411 537 3476 Epistol.
556 3411 579 3476 1,
597 3414 622 3476 2,
640 3413 683 3463 32.
751 3414 809 3463 4⁷2.
829 3412 923 3464 Ovidii
940 3416 984 3462 est
994 3412 1026 3464 Ε.
1039 3413 1120 3464 Pont.

152 3483 175 3549 1,
196 3485 219 3546 1,
239 3483 263 3532 5.
331 3481 389 3534 476,
411 3478 525 3531 Horatii
542 3485 584 3530 ast
603 3479 695 3546 Epist.
713 3480 735 3540 1,
755 3481 795 3542 16,
814 3481 856 3530 66.
925 3479 984 3531 484.
1005 3495 1119 3544 praeco·

152 3551 234 3602 nibus
251 3563 302 3614 pro
321 3546 516 3612 ‚,poc5ribus“.
583 3549 643 3600 486.
665 3546 779 3612 Virgilii
798 3552 841 3598 est
863 3548 932 3602 Aen.
948 3548 996 3610 IV,
1015 3549 1074 3602 295.
