2618 3984
405 241 409 246 ⁵
461 183 523 234 cre.
542 185 573 234 v.
603 199 629 234 v.
650 185 792 236 roc-roa.
827 253 831 258 ¹
1049 139 1109 252 157

189 335 223 396 ln
247 334 342 396 coelis
359 343 460 396 manet
481 335 527 396 his
550 338 594 395 ris
616 343 779 398 memorata
801 337 887 399 locis.

143 419 211 480 Non
233 419 311 480 idem
334 437 442 480 cursus
463 427 509 480 est
530 418 680 498 omnibus.
700 420 749 481 ille
771 397 898 501 planeta¹
1062 432 1115 482 165.

188 503 290 574 Velox,
314 503 362 564 hic
385 504 497 572 tardus,
520 503 568 564 hic
591 501 685 581 magis
707 504 765 566 hoc
788 505 831 566 rel
856 525 901 568 eo.

142 587 201 649 Hic
222 587 265 648 illi
288 587 394 649 domus
417 595 472 656 est,
495 587 545 650 liic
568 587 671 666 gloria,
694 593 822 651 servitus
845 589 907 651 illic

188 671 316 753 Semper
337 679 410 742 erat,
434 690 554 752 semper
576 673 721 750 septimus
743 674 837 735 hostis
860 678 924 736 erit.

144 755 197 818 Sol
218 755 326 818 solium
349 755 430 818 solus
453 757 542 835 elegit
562 758 594 816 in
617 758 689 818 aede
712 759 816 828 leonis,

190 841 244 902 Est
266 843 346 902 aries
368 840 438 902 solis
461 840 562 919 gloria,
587 858 681 921 poena
704 840 790 904 libra.

142 925 179 985 ln
202 943 312 987 cancro
333 925 422 986 lunae
445 927 546 986 videas
568 923 746 996 habitacula,
770 936 874 990 taurus

183 1008 284 1070 ¹Altius
307 1007 431 1078 extollit,
454 1013 573 1089 scorpio
597 1018 708 1088 pugnat
730 1029 806 1072 eam.

147 1092 238 1155 Libra
261 1094 366 1154 domus
388 1095 514 1156 Veneris
536 1102 565 1155 ct
588 1103 698 1164 taurus,
721 1094 853 1173 piscibus
876 1105 973 1156 autem

187 1177 313 1254 Regnat,
336 1180 380 1238 sic
402 1179 537 1257 queritur
561 1179 675 1256 virgine
697 1181 779 1257 virgo
802 1182 909 1258 premi.

143 1263 268 1339 Virgine
290 1262 456 1323 Mercurius
478 1261 605 1324 laetatur
626 1273 656 1323 et
677 1265 707 1322 in
730 1267 919 1342 geminorum
1063 1274 1113 1323 175

189 1346 318 1424 imperet
341 1347 480 1424 hospitio,
504 1347 636 1426 piscibus
659 1347 727 1408 exul
749 1351 816 1409 erit.

143 1431 254 1492 Laetae
276 1432 441 1511 suscipiunt
463 1432 540 1493 aries
562 1441 592 1493 et
614 1433 731 1512 scorpio
752 1433 887 1504 Martem,

190 1515 269 1576 Mars
292 1515 345 1576 uni
367 1534 475 1576 cancer
499 1517 605 1586 honor,
628 1517 681 1577 sed
704 1519 899 1596 capricornus
921 1519 1011 1578 onus!

146 1600 268 1679 Jupiter
290 1598 401 1661 exultat
425 1602 454 1660 in
477 1601 610 1679 piscibus
632 1612 720 1680 atque
743 1603 857 1680 sagitta,
1053 1658 1055 1663 .

189 1685 244 1746 Cui
267 1702 374 1744 cancer
396 1703 448 1745 rex
472 1693 526 1756 est,
550 1703 638 1764 capra
662 1684 815 1754 bubulcus,
839 1688 889 1746 ait.
1063 1695 1114 1744 180

146 1768 270 1830 Saturni
292 1768 399 1830 domus
421 1776 466 1830 est
488 1779 518 1830 et
539 1771 679 1848 aquarius
702 1778 731 1831 et
752 1773 948 1848 capricornus

190 1851 325 1913 Servitus
347 1861 393 1914 est
414 1856 501 1924 aries,
525 1853 601 1914 libra
623 1871 733 1915 corona
756 1856 830 1915 seni.

143 1938 218 1999 Post
239 1935 343 2016 epulas
365 1939 460 2016 agitur
481 1947 514 1999 ut
535 1935 658 2001 somnus
680 1938 814 1999 membra
836 1937 952 2007 salutet,

189 2021 322 2099 Reginae
344 2039 453 2102 corpus
475 2041 565 2084 aurea
589 2023 700 2102 sponda
724 2024 811 2084 lovot.

285 2184 573 2256 [PENTHESILEAE
590 2186 725 2241 exires
742 2187 782 2241 IN
798 2185 977 2254 Poenam]

149 2307 273 2369 Postera
295 2305 431 2368 Phoebea
455 2307 504 2368 lux
527 2305 636 2370 lustrat
657 2308 793 2388 lampade
817 2319 928 2382 terras;
1064 2317 1114 2366 185

179 2391 257 2452 'iarn
280 2389 352 2452 libet
373 2393 403 2452 in
427 2391 505 2452 bello
528 2395 716 2454 conseruisse
738 2411 853 2463 manus,

146 2476 214 2538 Stat
236 2478 355 2554 sonipes
378 2494 413 2536 ac
435 2477 518 2539 lrena
540 2478 622 2538 ferox
647 2481 815 2556 spumantia
833 2477 962 2547 mordet,

147 2605 152 2612 .
191 2559 280 2640 Cujus
301 2578 441 2639 pressura
465 2570 582 2640 tergora
606 2564 687 2640 virgo
709 2563 774 2622 luit.

143 2645 198 2706 Fit
220 2663 309 2705 sonus
332 2644 368 2705 ad
391 2644 513 2717 bellum,
536 2665 628 2726 quum
652 2645 761 2724 tigride
784 2648 929 2724 promtior
952 2664 1032 2707 arma

191 2727 325 2790 Bellandi
346 2730 444 2790 studio
466 2730 650 2792 Penthesilea
674 2730 763 2791 subit.
1065 2739 1115 2786 190

139 2814 280 2891 Protegit
303 2817 423 2891 egregia
445 2813 536 2875 lorica
559 2814 693 2875 membra
716 2814 844 2894 triplice,

190 2896 285 2958 Ocrea
308 2897 419 2958 lerrata
442 2898 566 2959 candida
590 2916 677 2960 crura
700 2900 785 2978 tegit:

217 3132 274 3186 me.
309 3130 420 3187 Confer.
442 3133 566 3185 Marcell.
589 3133 698 3199 Paling.
717 3151 743 3200 p.
760 3135 811 3184 312
828 3149 855 3182 v.
873 3135 906 3184 m
925 3132 1113 3197 (edicente.

139 3201 225 3252 1580.
244 3195 299 3264 16).
369 3203 425 3252 175.
445 3201 568 3252 Marcell.
587 3201 695 3265 Paling.
714 3202 732 3252 l.
751 3203 797 3255 eit.
815 3217 841 3266 p.
860 3203 919 3264 313,
939 3216 965 3251 v.
986 3203 1010 3252 l.

250 3267 404 3318 Mercurius
423 3268 544 3320 Geminis
564 3275 593 3320 et
611 3267 725 3332 pulchra
742 3269 856 3333 Virgine
875 3267 987 3330 gaudet.

142 3335 209 3388 185.
229 3332 342 3398 Virgilii
359 3336 425 3386 Aen.
443 3336 491 3398 IV,
508 3338 533 3386 6.
603 3339 661 3388 187.
680 3337 756 3400 Virg.
775 3338 843 3386 Aen.
862 3335 910 3398 IV,
930 3337 979 3386 13⁶

252 3399 316 3450 scat
332 3403 453 3467 sonipes,
472 3419 506 3454 ac
524 3404 601 3454 frena
620 3404 698 3454 ferox
716 3405 873 3470 spumantia
891 3403 1007 3454 mandit.

138 3471 206 3522 190.
227 3483 242 3519 e
260 3470 384 3535 margine
403 3486 451 3534 pro
470 3471 532 3521 init.
