2616 4000
457 217 520 268 Lib.
539 217 571 268 v.
606 233 631 269 v.
652 219 794 270 sat-acu
1053 217 1114 282 163

147 372 232 441 dudi,
255 389 309 432 rex
331 371 432 432 sortis!
455 387 523 430 oro:
546 387 681 432 non-ore
705 370 827 441 diserto,
1066 381 1116 431 930

191 460 349 516 Attamen
373 463 419 515 est
441 457 558 516 animus
580 455 671 516 edere
694 473 786 534 pauca
810 455 890 530 milri.

148 541 213 602 Non
236 539 333 618 bonus
356 549 402 602 est
424 540 504 608 civis,
528 542 581 618 qui
602 541 735 618 praefert
757 529 871 600 civibus
893 538 1018 611 hostem,

190 624 243 686 Vel
267 625 318 704 qui
341 625 404 686 cive
426 625 521 702 magis
543 631 671 704 occupat
692 623 777 684 hoste
801 623 908 698 larem3

149 709 207 780 Oui
230 711 314 788 spuit
335 710 366 770 iu
382 711 543 789 propriam,
566 707 678 788 probra
693 711 807 787 spargit
821 709 952 788 propria,
975 708 1115 778 barbam:

191 793 315 862 Nidum,
338 811 397 872 quo
418 793 544 862 residet,
568 793 686 854 sordida
709 791 810 853 loedat
831 795 902 854 avis.
1066 803 1117 852 940

150 879 251 956 Turpe
273 877 474 938 rudimentum
497 879 613 956 patriae
635 895 805 958 proponere
828 877 974 940 Graecum

192 963 228 1024 itt
250 971 368 1024 servum
390 963 456 1024 vitii
476 972 582 1039 pectus
603 960 716 1023 habere
739 980 834 1022 suum.

148 1047 290 1108 Cernitur
312 1047 446 1108 Antenor
467 1045 565 1122 longis
587 1045 762 1124 ambagibus
783 1065 856 1107 usus

192 1132 300 1192 Totum
324 1148 463 1192 sermone
485 1131 649 1193 detinuisse
671 1130 759 1192 diem.

148 1215 255 1277 Deficit
277 1215 403 1286 auditor,
426 1233 486 1276 non
510 1215 609 1276 delicit
630 1216 693 1294 ipse
717 1215 879 1295 loquendo:
1067 1225 1117 1275 945
1156 1225 1159 1230 '

191 1300 267 1361 Sunt
289 1300 347 1360 sibi
369 1302 420 1379 qui
441 1299 503 1361 sola
526 1298 699 1378 garrulitate
722 1298 848 1379 placent.

148 1387 308 1464 Postquam
328 1386 428 1464 picosa
452 1383 611 1446 verborum
635 1385 751 1462 gurgite
773 1383 874 1462 lingua

190 1469 334 1540 Ellluitat,
360 1477 454 1530 totum
477 1468 580 1530 scibile
602 1471 679 1530 scire
701 1475 794 1549 putat.

147 1555 254 1616 Sermo
277 1553 364 1615 datur
386 1554 496 1623 multis,
520 1554 609 1614 animi
631 1554 777 1632 sapientia
799 1555 911 1632 paucis,
1172 1607 1174 1610 ,

189 1638 295 1700 Nonne
318 1638 375 1700 luit
397 1636 515 1699 brevior
537 1657 625 1717 quam
648 1656 700 1699 sua
723 1634 813 1698 verba
836 1637 917 1699 dies?
1066 1647 1117 1696 950

148 1723 319 1804 Speraram,
344 1722 422 1803 quod
447 1741 501 1801 pro
523 1725 620 1802 patria
643 1721 805 1802 placitaret
826 1729 856 1782 et
877 1721 962 1793 urbe,

189 1812 227 1869 At
248 1825 317 1887 spes
339 1815 471 1886 optatum
494 1824 555 1868 non
577 1808 644 1867 tulit
666 1805 715 1868 illa
738 1807 863 1868 lucrum.

149 1891 270 1954 Civibus
293 1891 373 1954 illius
396 1898 484 1953 nocet
506 1891 652 1971 allegatio,
674 1891 799 1970 prodest

190 1973 349 2047 Hostibus3
374 1984 419 2037 est
441 1993 532 2037 uuum
556 1977 628 2036 civis
651 1983 680 2036 et
702 1975 796 2037 hostis
819 1978 855 2035 ei.

147 2062 187 2124 tn
208 2059 319 2140 probra
341 2078 503 2140 pensemus
525 2060 634 2122 Danais
657 2068 686 2122 et
708 2061 814 2122 damna
837 2061 963 2131 luamus,
1066 2071 1116 2120 905

190 2145 346 2208 Praedicat
368 2152 398 2206 et
418 2145 570 2225 populum,
595 2146 645 2224 qui
669 2143 727 2206 sibi
750 2144 862 2215 credat,
886 2144 986 2207 habet.

149 2229 185 2291 Et
207 2228 291 2306 plebs
313 2229 391 2290 illius
414 2229 503 2291 dictis
525 2230 673 2290 consentit
694 2237 724 2291 et
746 2237 848 2290 errant

190 2313 394 2393 Erroremque
416 2332 514 2384 auum,
539 2333 598 2394 quo
620 2320 770 2385 tueantur,
794 2312 919 2383 habent;

148 2399 325 2460 Consumtas
347 2397 541 2478 querelantur
564 2415 644 2477 opes,
668 2397 873 2478 populumque
894 2400 1051 2468 minutum,

191 2482 319 2545 Brachia
342 2482 429 2554 fessa,
452 2485 498 2544 rei
519 2483 625 2554 taedia,
648 2491 738 2561 teque
760 2501 874 2544 senem.
1066 2492 1117 2542 900

148 2567 215 2629 Non
238 2575 283 2628 cst
304 2568 413 2644 regalis
436 2568 577 2630 exhausta
600 2566 741 2646 potentia,
765 2565 885 2646 grandis

190 2651 294 2712 Restat
316 2651 413 2714 adhuc
436 2651 564 2732 populiS,
586 2654 763 2714 strenuitate
785 2657 900 2731 potens.

149 2735 228 2807 Quid
252 2735 353 2805 refert,
376 2740 403 2797 si
426 2737 590 2815 degeneres
611 2739 642 2796 in
665 2734 761 2797 taedia
785 2735 870 2796 vertit

190 2819 264 2880 Belli
288 2838 354 2881 sors
376 2823 462 2884 aunis
484 2823 655 2883 continuata
678 2821 791 2881 decem.

147 2990 352 2998 „sm—...-

159 3069 160 3072 ’
216 3091 275 3143 oua.
292 3088 390 3144 never.
407 3089 494 3141 enon.
515 3095 548 3155 ρμ
559 3092 609 3142 aro
626 3090 674 3146 nn.
694 3094 715 3140 r.
790 3091 850 3140 aaa.
867 3090 910 3142 ro.
921 3085 1114 3158 '(Maximian.)

143 3157 168 3222 1,
185 3159 244 3223 ,2⁰3-
254 3159 280 3219 4,
292 3155 443 3208 secundum
455 3173 565 3208 versum
579 3165 672 3211 tamen
684 3158 796 3209 Maxim.
809 3161 904 3208 noster
918 3157 1047 3210 imitatus
1058 3163 1115 3210 esta

379 3250 402 3301 0
421 3249 481 3301 sols
499 3251 585 3301 fortes
603 3251 767 3316 garrulitate
786 3265 875 3304 senes.

216 3345 275 3396 949.
295 3341 393 3393 Calon.
412 3343 475 3394 dist.
493 3343 516 3408 1,
536 3345 575 3394 10.
594 3358 615 3394 s.
637 3343 664 3396 d.
683 3344 802 3406 cunctis,
823 3360 848 3399 o.
868 3359 889 3394 s.
908 3360 933 3410 p.

113 3497 118 3508 ι
214 3427 273 3481 958.
291 3425 372 3480 Ouid.
389 3428 466 3482 Post.
484 3427 507 3491 I,
524 3429 556 3478 32

323 3512 504 3578 Erroremque
523 3527 610 3576 suum,
631 3527 683 3576 quo
701 3516 819 3578 tueatur,
838 3513 933 3566 habet.

858 3600 868 3646 i
877 3595 910 3646 l*
