<?xml version="1.0" encoding="UTF-8"?>
<!DOCTYPE html PUBLIC "-//W3C//DTD XHTML 1.0 Transitional//EN"
    "http://www.w3.org/TR/xhtml1/DTD/xhtml1-transitional.dtd">
<html xmlns="http://www.w3.org/1999/xhtml" xml:lang="en" lang="en">
 <head>
  <title>
</title>
<meta http-equiv="Content-Type" content="text/html;charset=utf-8" />
  <meta name='ocr-system' content='tesseract 3.04.00' />
  <meta name='ocr-capabilities' content='ocr_page ocr_carea ocr_par ocr_line ocrx_word'/>
</head>
<body>
  <div class='ocr_page' id='page_1' title='image "./troilusalbertis00albegoog_0061.png"; bbox 0 0 2616 3980; ppageno 0'>
   <div class='ocr_carea' id='block_1_1' title="bbox 206 259 851 331">
    <p class='ocr_par' dir='ltr' id='par_1_1' title="bbox 206 259 851 331">
     <span class='ocr_line' id='line_1_1' title="bbox 206 259 851 331; baseline -0.016 0"><span class='ocrx_word' id='word_1_1' title='bbox 206 268 249 331; x_wconf 83' lang='grc'><strong>42</strong></span> <span class='ocrx_word' id='word_1_2' title='bbox 411 259 459 325; x_wconf 61' lang='lat' dir='ltr'>s</span> <span class='ocrx_word' id='word_1_3' title='bbox 528 269 590 324; x_wconf 79' lang='lat' dir='ltr'><strong>tat.</strong></span> <span class='ocrx_word' id='word_1_4' title='bbox 609 270 645 320; x_wconf 88' lang='lat'><strong>11.</strong></span> <span class='ocrx_word' id='word_1_5' title='bbox 680 287 706 323; x_wconf 80' lang='lat' dir='ltr'><strong>v.</strong></span> <span class='ocrx_word' id='word_1_6' title='bbox 725 273 851 322; x_wconf 80' lang='lat' dir='ltr'><strong>oa-ree.</strong></span> 
     </span>
    </p>
   </div>
   <div class='ocr_carea' id='block_1_2' title="bbox 158 420 1175 1174">
    <p class='ocr_par' dir='ltr' id='par_1_2' title="bbox 158 420 876 500">
     <span class='ocr_line' id='line_1_2' title="bbox 158 420 876 500; baseline 0 -16"><span class='ocrx_word' id='word_1_7' title='bbox 158 466 160 475; x_wconf 70' lang='lat'><strong>,</strong></span> <span class='ocrx_word' id='word_1_8' title='bbox 250 423 287 484; x_wconf 91' lang='lat' dir='ltr'><strong>Et</strong></span> <span class='ocrx_word' id='word_1_9' title='bbox 308 423 366 500; x_wconf 94' lang='lat' dir='ltr'><strong>pia,</strong></span> <span class='ocrx_word' id='word_1_10' title='bbox 389 423 415 482; x_wconf 93' lang='lat' dir='ltr'><strong>si</strong></span> <span class='ocrx_word' id='word_1_11' title='bbox 437 420 526 500; x_wconf 85' lang='lat' dir='ltr'><strong>longa.</strong></span> <span class='ocrx_word' id='word_1_12' title='bbox 546 422 609 484; x_wconf 86' lang='lat' dir='ltr'><strong>vult</strong></span> <span class='ocrx_word' id='word_1_13' title='bbox 632 424 760 484; x_wconf 81' lang='lat' dir='ltr'><strong>tacuisse</strong></span> <span class='ocrx_word' id='word_1_14' title='bbox 783 441 876 484; x_wconf 91' lang='lat' dir='ltr'><strong>mora.</strong></span> 
     </span>
    </p>

    <p class='ocr_par' dir='ltr' id='par_1_3' title="bbox 208 506 917 653">
     <span class='ocr_line' id='line_1_3' title="bbox 208 506 917 579; baseline -0.001 -11"><span class='ocrx_word' id='word_1_15' title='bbox 208 508 312 568; x_wconf 81' lang='lat' dir='ltr'>Audax</span> <span class='ocrx_word' id='word_1_16' title='bbox 333 508 363 566; x_wconf 93' lang='lat' dir='ltr'><strong>in</strong></span> <span class='ocrx_word' id='word_1_17' title='bbox 385 506 473 567; x_wconf 87' lang='lat' dir='ltr'><strong>bellis</strong></span> <span class='ocrx_word' id='word_1_18' title='bbox 495 509 660 568; x_wconf 87' lang='lat' dir='ltr'><strong>acerrimus</strong></span> <span class='ocrx_word' id='word_1_19' title='bbox 682 517 728 568; x_wconf 89' lang='lat' dir='ltr'><strong>est</strong></span> <span class='ocrx_word' id='word_1_20' title='bbox 750 508 917 579; x_wconf 81' lang='lat' dir='ltr'><strong>Diomedes,</strong></span> 
     </span>
     <span class='ocr_line' id='line_1_4' title="bbox 252 589 901 653; baseline 0.005 -3"><span class='ocrx_word' id='word_1_21' title='bbox 252 591 397 652; x_wconf 80' lang='lat' dir='ltr'><strong>Strenuus</strong></span> <span class='ocrx_word' id='word_1_22' title='bbox 420 599 450 652; x_wconf 87' lang='lat' dir='ltr'><strong>et</strong></span> <span class='ocrx_word' id='word_1_23' title='bbox 471 591 557 651; x_wconf 91' lang='lat' dir='ltr'><strong>lortis</strong></span> <span class='ocrx_word' id='word_1_24' title='bbox 579 589 675 651; x_wconf 89' lang='lat' dir='ltr'><strong>vultus</strong></span> <span class='ocrx_word' id='word_1_25' title='bbox 696 591 840 652; x_wconf 84' lang='lat' dir='ltr'><strong>honestus</strong></span> <span class='ocrx_word' id='word_1_26' title='bbox 862 594 901 653; x_wconf 90' lang='lat' dir='ltr'><strong>ei.</strong></span> 
     </span>
    </p>

    <p class='ocr_par' dir='ltr' id='par_1_4' title="bbox 206 673 1175 839">
     <span class='ocr_line' id='line_1_5' title="bbox 206 673 1175 755; baseline 0.001 -18"><span class='ocrx_word' id='word_1_27' title='bbox 206 679 352 737; x_wconf 77' lang='lat' dir='ltr'><strong>dusterus</strong></span> <span class='ocrx_word' id='word_1_28' title='bbox 374 673 520 736; x_wconf 90' lang='lat' dir='ltr'><strong>clamosus</strong></span> <span class='ocrx_word' id='word_1_29' title='bbox 542 683 607 738; x_wconf 92' lang='lat' dir='ltr'><strong>erat</strong></span> <span class='ocrx_word' id='word_1_30' title='bbox 628 674 789 755; x_wconf 77' lang='lat' dir='ltr'><strong>calidoque</strong></span> <span class='ocrx_word' id='word_1_31' title='bbox 807 677 943 750; x_wconf 85' lang='lat' dir='ltr'><strong>cerebro,</strong></span> <span class='ocrx_word' id='word_1_32' title='bbox 1138 689 1175 738; x_wconf 80' lang='lat'><strong>95</strong></span> 
     </span>
     <span class='ocr_line' id='line_1_6' title="bbox 253 758 911 839; baseline 0.006 -21"><span class='ocrx_word' id='word_1_33' title='bbox 253 758 385 838; x_wconf 81' lang='lat' dir='ltr'>Corpore</span> <span class='ocrx_word' id='word_1_34' title='bbox 409 758 571 836; x_wconf 91' lang='lat' dir='ltr'><strong>quadratus</strong></span> <span class='ocrx_word' id='word_1_35' title='bbox 592 760 807 839; x_wconf 81' lang='lat' dir='ltr'><strong>impatiensque</strong></span> <span class='ocrx_word' id='word_1_36' title='bbox 830 762 911 822; x_wconf 90' lang='lat' dir='ltr'><strong>satis.</strong></span> 
     </span>
    </p>

    <p class='ocr_par' dir='ltr' id='par_1_5' title="bbox 207 843 1012 1010">
     <span class='ocr_line' id='line_1_7' title="bbox 207 843 1012 924; baseline 0.005 -22"><span class='ocrx_word' id='word_1_37' title='bbox 207 843 425 921; x_wconf 79' lang='lat' dir='ltr'><strong>Triptolemum</strong></span> <span class='ocrx_word' id='word_1_38' title='bbox 447 843 562 913; x_wconf 85' lang='lat' dir='ltr'><strong>noscis;</strong></span> <span class='ocrx_word' id='word_1_39' title='bbox 587 859 711 918; x_wconf 78' lang='lat' dir='ltr'><strong>maguus</strong></span> <span class='ocrx_word' id='word_1_40' title='bbox 734 845 788 904; x_wconf 88' lang='lat' dir='ltr'><strong>luit</strong></span> <span class='ocrx_word' id='word_1_41' title='bbox 810 851 899 924; x_wconf 86' lang='lat' dir='ltr'><strong>atque</strong></span> <span class='ocrx_word' id='word_1_42' title='bbox 923 846 1012 906; x_wconf 88' lang='lat' dir='ltr'><strong>virilis</strong></span> 
     </span>
     <span class='ocr_line' id='line_1_8' title="bbox 252 926 1008 1010; baseline 0.004 -22"><span class='ocrx_word' id='word_1_43' title='bbox 252 928 369 1006; x_wconf 87' lang='lat' dir='ltr'><strong>Optima</strong></span> <span class='ocrx_word' id='word_1_44' title='bbox 394 928 486 1002; x_wconf 82' lang='lat' dir='ltr'><strong>lorma</strong></span> <span class='ocrx_word' id='word_1_45' title='bbox 510 926 567 987; x_wconf 91' lang='lat' dir='ltr'><strong>sibi</strong></span> <span class='ocrx_word' id='word_1_46' title='bbox 589 927 643 987; x_wconf 88' lang='lat' dir='ltr'><strong>sed</strong></span> <span class='ocrx_word' id='word_1_47' title='bbox 665 928 849 989; x_wconf 88' lang='lat' dir='ltr'><strong>stomachosa</strong></span> <span class='ocrx_word' id='word_1_48' title='bbox 873 930 1008 1010; x_wconf 89' lang='lat' dir='ltr'><strong>quidem;</strong></span> 
     </span>
    </p>

    <p class='ocr_par' dir='ltr' id='par_1_6' title="bbox 181 1010 1030 1089">
     <span class='ocr_line' id='line_1_9' title="bbox 181 1010 1030 1089; baseline 0.005 -17"><span class='ocrx_word' id='word_1_49' title='bbox 181 1044 182 1047; x_wconf 16' lang='grc' dir='ltr'><strong>κ</strong></span> <span class='ocrx_word' id='word_1_50' title='bbox 206 1011 340 1084; x_wconf 83' lang='lat' dir='ltr'><strong>Blaesus,</strong></span> <span class='ocrx_word' id='word_1_51' title='bbox 362 1013 495 1072; x_wconf 90' lang='lat' dir='ltr'><strong>aduncus</strong></span> <span class='ocrx_word' id='word_1_52' title='bbox 518 1018 581 1072; x_wconf 89' lang='lat' dir='ltr'><strong>erat</strong></span> <span class='ocrx_word' id='word_1_53' title='bbox 602 1010 685 1072; x_wconf 82' lang='lat' dir='ltr'><strong>velox</strong></span> <span class='ocrx_word' id='word_1_54' title='bbox 709 1013 864 1089; x_wconf 90' lang='lat' dir='ltr'><strong>oculisque</strong></span> <span class='ocrx_word' id='word_1_55' title='bbox 886 1014 1030 1084; x_wconf 89' lang='lat' dir='ltr'><strong>rotundis,</strong></span> 
     </span>
    </p>

    <p class='ocr_par' dir='ltr' id='par_1_7' title="bbox 249 1093 1173 1174">
     <span class='ocr_line' id='line_1_10' title="bbox 249 1093 1173 1174; baseline 0.004 -20"><span class='ocrx_word' id='word_1_56' title='bbox 249 1094 302 1156; x_wconf 88' lang='lat' dir='ltr'><strong>Cui</strong></span> <span class='ocrx_word' id='word_1_57' title='bbox 325 1095 415 1156; x_wconf 86' lang='lat' dir='ltr'><strong>iacies</strong></span> <span class='ocrx_word' id='word_1_58' title='bbox 437 1093 552 1174; x_wconf 86' lang='lat' dir='ltr'><strong>hilaris,</strong></span> <span class='ocrx_word' id='word_1_59' title='bbox 575 1095 657 1172; x_wconf 80' lang='lat' dir='ltr'><strong>larga</strong></span> <span class='ocrx_word' id='word_1_60' title='bbox 679 1096 857 1174; x_wconf 85' lang='lat' dir='ltr'><strong>superciliis.</strong></span> <span class='ocrx_word' id='word_1_61' title='bbox 880 1137 884 1148; x_wconf 55' lang='grc' dir='ltr'><em>ι</em></span> <span class='ocrx_word' id='word_1_62' title='bbox 1121 1108 1173 1158; x_wconf 87' lang='lat'><strong>100</strong></span> 
     </span>
    </p>
   </div>
   <div class='ocr_carea' id='block_1_3' title="bbox 120 1178 1084 1259">
    <p class='ocr_par' dir='ltr' id='par_1_8' title="bbox 120 1178 1084 1259">
     <span class='ocr_line' id='line_1_11' title="bbox 120 1178 1084 1259; baseline 0.002 -17"><span class='ocrx_word' id='word_1_63' title='bbox 120 1245 121 1248; x_wconf 62' lang='grc'>,</span> <span class='ocrx_word' id='word_1_64' title='bbox 207 1178 355 1242; x_wconf 85' lang='lat' dir='ltr'><strong>Candidus</strong></span> <span class='ocrx_word' id='word_1_65' title='bbox 377 1189 406 1241; x_wconf 88' lang='lat' dir='ltr'><strong>et</strong></span> <span class='ocrx_word' id='word_1_66' title='bbox 428 1196 563 1256; x_wconf 83' lang='lat' dir='ltr'><strong>magnus,</strong></span> <span class='ocrx_word' id='word_1_67' title='bbox 587 1198 658 1240; x_wconf 89' lang='lat' dir='ltr'><strong>naso</strong></span> <span class='ocrx_word' id='word_1_68' title='bbox 681 1198 800 1259; x_wconf 91' lang='lat' dir='ltr'><strong>quoque</strong></span> <span class='ocrx_word' id='word_1_69' title='bbox 821 1181 929 1244; x_wconf 88' lang='lat' dir='ltr'><strong>Nestor</strong></span> <span class='ocrx_word' id='word_1_70' title='bbox 950 1182 1084 1252; x_wconf 87' lang='lat' dir='ltr'><strong>obuncus</strong></span> 
     </span>
    </p>
   </div>
   <div class='ocr_carea' id='block_1_4' title="bbox 190 1263 1170 1681">
    <p class='ocr_par' dir='ltr' id='par_1_9' title="bbox 249 1263 907 1342">
     <span class='ocr_line' id='line_1_12' title="bbox 249 1263 907 1342; baseline 0.003 -18"><span class='ocrx_word' id='word_1_71' title='bbox 249 1263 375 1342; x_wconf 82' lang='lat' dir='ltr'><strong>llapsilis</strong></span> <span class='ocrx_word' id='word_1_72' title='bbox 398 1273 428 1323; x_wconf 88' lang='lat' dir='ltr'><strong>et</strong></span> <span class='ocrx_word' id='word_1_73' title='bbox 450 1265 577 1342; x_wconf 79' lang='lat' dir='ltr'><strong>sapienS,</strong></span> <span class='ocrx_word' id='word_1_74' title='bbox 601 1263 787 1325; x_wconf 82' lang='lat' dir='ltr'><strong>consiliando</strong></span> <span class='ocrx_word' id='word_1_75' title='bbox 809 1282 907 1342; x_wconf 83' lang='lat' dir='ltr'><strong>sagax.</strong></span> 
     </span>
    </p>

    <p class='ocr_par' dir='ltr' id='par_1_10' title="bbox 206 1346 894 1512">
     <span class='ocr_line' id='line_1_13' title="bbox 206 1346 868 1421; baseline 0.011 -16"><span class='ocrx_word' id='word_1_76' title='bbox 206 1347 329 1408; x_wconf 89' lang='lat' dir='ltr'><strong>Mittitur</strong></span> <span class='ocrx_word' id='word_1_77' title='bbox 351 1346 453 1408; x_wconf 91' lang='lat' dir='ltr'><strong>lliacas</strong></span> <span class='ocrx_word' id='word_1_78' title='bbox 474 1349 568 1408; x_wconf 84' lang='lat' dir='ltr'><strong>audax</strong></span> <span class='ocrx_word' id='word_1_79' title='bbox 592 1355 692 1409; x_wconf 93' lang='lat' dir='ltr'><strong>orator</strong></span> <span class='ocrx_word' id='word_1_80' title='bbox 714 1347 749 1408; x_wconf 95' lang='lat' dir='ltr'><strong>ad</strong></span> <span class='ocrx_word' id='word_1_81' title='bbox 773 1367 868 1421; x_wconf 88' lang='lat' dir='ltr'><strong>arces,</strong></span> 
     </span>
     <span class='ocr_line' id='line_1_14' title="bbox 249 1429 894 1512; baseline 0.003 -21"><span class='ocrx_word' id='word_1_82' title='bbox 249 1431 374 1492; x_wconf 88' lang='lat' dir='ltr'><strong>Nestora</strong></span> <span class='ocrx_word' id='word_1_83' title='bbox 397 1429 518 1492; x_wconf 89' lang='lat' dir='ltr'><strong>laudare</strong></span> <span class='ocrx_word' id='word_1_84' title='bbox 542 1449 609 1492; x_wconf 87' lang='lat' dir='ltr'><strong>cunr</strong></span> <span class='ocrx_word' id='word_1_85' title='bbox 633 1432 777 1494; x_wconf 87' lang='lat' dir='ltr'><strong>Cicerone</strong></span> <span class='ocrx_word' id='word_1_86' title='bbox 800 1444 894 1512; x_wconf 90' lang='lat' dir='ltr'><strong>potes.</strong></span> 
     </span>
    </p>

    <p class='ocr_par' dir='ltr' id='par_1_11' title="bbox 190 1515 1170 1681">
     <span class='ocr_line' id='line_1_15' title="bbox 190 1515 1170 1588; baseline 0.001 -12"><span class='ocrx_word' id='word_1_87' title='bbox 190 1515 355 1577; x_wconf 83' lang='lat' dir='ltr'><strong>&#39;Candidus</strong></span> <span class='ocrx_word' id='word_1_88' title='bbox 377 1523 407 1576; x_wconf 88' lang='lat' dir='ltr'><strong>et</strong></span> <span class='ocrx_word' id='word_1_89' title='bbox 429 1516 605 1576; x_wconf 87' lang='lat' dir='ltr'><strong>temerarius</strong></span> <span class='ocrx_word' id='word_1_90' title='bbox 627 1534 668 1586; x_wconf 90' lang='lat' dir='ltr'><strong>es,</strong></span> <span class='ocrx_word' id='word_1_91' title='bbox 690 1516 747 1578; x_wconf 86' lang='lat' dir='ltr'><strong>tibi</strong></span> <span class='ocrx_word' id='word_1_92' title='bbox 768 1519 866 1579; x_wconf 87' lang='lat' dir='ltr'><strong>vultus</strong></span> <span class='ocrx_word' id='word_1_93' title='bbox 888 1519 1041 1588; x_wconf 89' lang='lat' dir='ltr'><strong>honestus,</strong></span> <span class='ocrx_word' id='word_1_94' title='bbox 1120 1527 1170 1578; x_wconf 84' lang='lat'><strong>105</strong></span> 
     </span>
     <span class='ocr_line' id='line_1_16' title="bbox 249 1599 874 1681; baseline 0.006 -23"><span class='ocrx_word' id='word_1_95' title='bbox 249 1599 356 1660; x_wconf 83' lang='lat' dir='ltr'><strong>Fidens</strong></span> <span class='ocrx_word' id='word_1_96' title='bbox 379 1602 409 1659; x_wconf 94' lang='lat' dir='ltr'><strong>in</strong></span> <span class='ocrx_word' id='word_1_97' title='bbox 432 1599 545 1660; x_wconf 90' lang='lat' dir='ltr'><strong>celeres</strong></span> <span class='ocrx_word' id='word_1_98' title='bbox 566 1599 748 1662; x_wconf 90' lang='lat' dir='ltr'><strong>Protesialae</strong></span> <span class='ocrx_word' id='word_1_99' title='bbox 769 1601 874 1681; x_wconf 89' lang='lat' dir='ltr'><strong>pedes!</strong></span> 
     </span>
    </p>
   </div>
   <div class='ocr_carea' id='block_1_5' title="bbox 106 1685 1145 1768">
    <p class='ocr_par' dir='ltr' id='par_1_12' title="bbox 106 1685 1145 1768">
     <span class='ocr_line' id='line_1_17' title="bbox 106 1685 1145 1768; baseline 0.006 -25"><span class='ocrx_word' id='word_1_100' title='bbox 106 1715 108 1722; x_wconf 70' lang='lat'><em>,</em></span> <span class='ocrx_word' id='word_1_101' title='bbox 205 1685 423 1759; x_wconf 80' lang='lat' dir='ltr'><strong>Magnanimum</strong></span> <span class='ocrx_word' id='word_1_102' title='bbox 447 1685 587 1760; x_wconf 84' lang='lat' dir='ltr'><strong>gracilem</strong></span> <span class='ocrx_word' id='word_1_103' title='bbox 609 1685 772 1762; x_wconf 89' lang='lat' dir='ltr'><strong>sapientem</strong></span> <span class='ocrx_word' id='word_1_104' title='bbox 796 1687 843 1746; x_wconf 90' lang='lat' dir='ltr'><strong>dic</strong></span> <span class='ocrx_word' id='word_1_105' title='bbox 863 1687 1062 1758; x_wconf 89' lang='lat' dir='ltr'><strong>Palamedem,</strong></span> <span class='ocrx_word' id='word_1_106' title='bbox 1138 1761 1145 1768; x_wconf 40' lang='grc'><strong>,</strong></span> 
     </span>
    </p>
   </div>
   <div class='ocr_carea' id='block_1_6' title="bbox 204 1766 983 2016">
    <p class='ocr_par' dir='ltr' id='par_1_13' title="bbox 204 1766 983 2016">
     <span class='ocr_line' id='line_1_18' title="bbox 248 1766 859 1839; baseline 0.007 -11"><span class='ocrx_word' id='word_1_107' title='bbox 248 1766 386 1839; x_wconf 90' lang='lat' dir='ltr'><strong>Blandus,</strong></span> <span class='ocrx_word' id='word_1_108' title='bbox 409 1769 565 1838; x_wconf 82' lang='lat' dir='ltr'><strong>facundus,</strong></span> <span class='ocrx_word' id='word_1_109' title='bbox 588 1768 761 1830; x_wconf 89' lang='lat' dir='ltr'><strong>ambitiosus</strong></span> <span class='ocrx_word' id='word_1_110' title='bbox 784 1779 859 1832; x_wconf 89' lang='lat' dir='ltr'><strong>crat.</strong></span> 
     </span>
     <span class='ocr_line' id='line_1_19' title="bbox 204 1851 983 1931; baseline 0.004 -18"><span class='ocrx_word' id='word_1_111' title='bbox 204 1856 241 1913; x_wconf 81' lang='lat' dir='ltr'><strong>At</strong></span> <span class='ocrx_word' id='word_1_112' title='bbox 264 1871 381 1914; x_wconf 91' lang='lat' dir='ltr'><strong>crassus</strong></span> <span class='ocrx_word' id='word_1_113' title='bbox 402 1851 566 1931; x_wconf 81' lang='lat' dir='ltr'><strong>Polydorus</strong></span> <span class='ocrx_word' id='word_1_114' title='bbox 588 1863 654 1914; x_wconf 89' lang='lat' dir='ltr'><strong>erat</strong></span> <span class='ocrx_word' id='word_1_115' title='bbox 674 1851 983 1916; x_wconf 83' lang='lat' dir='ltr'><strong>Neoclecicusaudax</strong></span> 
     </span>
     <span class='ocr_line' id='line_1_20' title="bbox 247 1936 968 2016; baseline 0.003 -20"><span class='ocrx_word' id='word_1_116' title='bbox 247 1937 360 2006; x_wconf 88' lang='lat' dir='ltr'><strong>Tristis,</strong></span> <span class='ocrx_word' id='word_1_117' title='bbox 385 1936 565 2016; x_wconf 89' lang='lat' dir='ltr'><strong>pervalidus,</strong></span> <span class='ocrx_word' id='word_1_118' title='bbox 588 1946 687 1998; x_wconf 88' lang='lat' dir='ltr'><strong>mente</strong></span> <span class='ocrx_word' id='word_1_119' title='bbox 709 1941 834 1998; x_wconf 90' lang='lat' dir='ltr'><strong>timente</strong></span> <span class='ocrx_word' id='word_1_120' title='bbox 856 1946 968 2001; x_wconf 88' lang='lat' dir='ltr'><strong>tacens.</strong></span> 
     </span>
    </p>
   </div>
   <div class='ocr_carea' id='block_1_7' title="bbox 98 2021 1050 2100">
    <p class='ocr_par' dir='ltr' id='par_1_14' title="bbox 98 2021 1050 2100">
     <span class='ocr_line' id='line_1_21' title="bbox 98 2021 1050 2100; baseline 0.005 -21"><span class='ocrx_word' id='word_1_121' title='bbox 98 2087 99 2090; x_wconf 8' lang='grc' dir='ltr'><strong>Ἴ</strong></span> <span class='ocrx_word' id='word_1_122' title='bbox 204 2021 341 2096; x_wconf 79' lang='lat' dir='ltr'><strong>Magnum</strong></span> <span class='ocrx_word' id='word_1_123' title='bbox 363 2022 542 2100; x_wconf 89' lang='lat' dir='ltr'><strong>prudentem</strong></span> <span class='ocrx_word' id='word_1_124' title='bbox 566 2021 728 2100; x_wconf 88' lang='lat' dir='ltr'><strong>dicuntque</strong></span> <span class='ocrx_word' id='word_1_125' title='bbox 748 2022 909 2083; x_wconf 89' lang='lat' dir='ltr'><strong>Machaona</strong></span> <span class='ocrx_word' id='word_1_126' title='bbox 932 2025 1050 2090; x_wconf 88' lang='lat' dir='ltr'><strong>lortem,</strong></span> 
     </span>
    </p>
   </div>
   <div class='ocr_carea' id='block_1_8' title="bbox 203 2105 1036 3022">
    <p class='ocr_par' dir='ltr' id='par_1_15' title="bbox 203 2105 1036 3022">
     <span class='ocr_line' id='line_1_22' title="bbox 246 2105 952 2186; baseline 0.007 -23"><span class='ocrx_word' id='word_1_127' title='bbox 246 2105 300 2164; x_wconf 88' lang='lat' dir='ltr'><strong>Hic</strong></span> <span class='ocrx_word' id='word_1_128' title='bbox 323 2105 411 2165; x_wconf 91' lang='lat' dir='ltr'><strong>simul</strong></span> <span class='ocrx_word' id='word_1_129' title='bbox 434 2114 463 2164; x_wconf 90' lang='lat' dir='ltr'><strong>et</strong></span> <span class='ocrx_word' id='word_1_130' title='bbox 485 2106 600 2182; x_wconf 91' lang='lat' dir='ltr'><strong>patiens</strong></span> <span class='ocrx_word' id='word_1_131' title='bbox 623 2106 866 2186; x_wconf 86' lang='lat' dir='ltr'><strong>compatiensque</strong></span> <span class='ocrx_word' id='word_1_132' title='bbox 889 2106 952 2168; x_wconf 87' lang='lat' dir='ltr'><strong>luit.</strong></span> 
     </span>
     <span class='ocr_line' id='line_1_23' title="bbox 204 2188 958 2270; baseline 0.004 -21"><span class='ocrx_word' id='word_1_133' title='bbox 204 2189 368 2249; x_wconf 88' lang='lat' dir='ltr'><strong>Merionem</strong></span> <span class='ocrx_word' id='word_1_134' title='bbox 391 2189 490 2248; x_wconf 91' lang='lat' dir='ltr'><strong>rulum</strong></span> <span class='ocrx_word' id='word_1_135' title='bbox 513 2205 607 2267; x_wconf 91' lang='lat' dir='ltr'><strong>ponas</strong></span> <span class='ocrx_word' id='word_1_136' title='bbox 628 2188 680 2249; x_wconf 89' lang='lat' dir='ltr'><strong>sed</strong></span> <span class='ocrx_word' id='word_1_137' title='bbox 693 2201 733 2260; x_wconf 85' lang='lat' dir='ltr'><strong>¹et</strong></span> <span class='ocrx_word' id='word_1_138' title='bbox 754 2191 958 2270; x_wconf 88' lang='lat' dir='ltr'><strong>impatientem</strong></span> 
     </span>
     <span class='ocr_line' id='line_1_24' title="bbox 247 2272 996 2350; baseline 0.005 -19"><span class='ocrx_word' id='word_1_139' title='bbox 247 2272 291 2339; x_wconf 85' lang='lat' dir='ltr'><strong>Et,</strong></span> <span class='ocrx_word' id='word_1_140' title='bbox 316 2274 385 2348; x_wconf 92' lang='lat' dir='ltr'><strong>quia</strong></span> <span class='ocrx_word' id='word_1_141' title='bbox 406 2272 444 2332; x_wconf 90' lang='lat' dir='ltr'><strong>sit</strong></span> <span class='ocrx_word' id='word_1_142' title='bbox 467 2272 592 2349; x_wconf 86' lang='lat' dir='ltr'><strong>medius,</strong></span> <span class='ocrx_word' id='word_1_143' title='bbox 616 2289 751 2350; x_wconf 85' lang='lat' dir='ltr'><strong>corpore,</strong></span> <span class='ocrx_word' id='word_1_144' title='bbox 776 2284 875 2335; x_wconf 87' lang='lat' dir='ltr'><strong>mente</strong></span> <span class='ocrx_word' id='word_1_145' title='bbox 897 2281 996 2346; x_wconf 78' lang='lat' dir='ltr'><strong>tenax,</strong></span> 
     </span>
     <span class='ocr_line' id='line_1_25' title="bbox 204 2356 974 2434; baseline 0.003 -18"><span class='ocrx_word' id='word_1_146' title='bbox 204 2356 308 2416; x_wconf 89' lang='lat' dir='ltr'><strong>Dicere</strong></span> <span class='ocrx_word' id='word_1_147' title='bbox 332 2374 400 2416; x_wconf 88' lang='lat' dir='ltr'><strong>eum</strong></span> <span class='ocrx_word' id='word_1_148' title='bbox 422 2356 499 2416; x_wconf 84' lang='lat' dir='ltr'><strong>volui</strong></span> <span class='ocrx_word' id='word_1_149' title='bbox 522 2374 607 2434; x_wconf 93' lang='lat' dir='ltr'><strong>quam</strong></span> <span class='ocrx_word' id='word_1_150' title='bbox 631 2358 767 2434; x_wconf 85' lang='lat' dir='ltr'><strong>pertinax</strong></span> <span class='ocrx_word' id='word_1_151' title='bbox 790 2366 878 2434; x_wconf 78' lang='lat' dir='ltr'><strong>esset,</strong></span> <span class='ocrx_word' id='word_1_152' title='bbox 900 2361 974 2419; x_wconf 91' lang='lat' dir='ltr'><strong>oriri</strong></span> 
     </span>
     <span class='ocr_line' id='line_1_26' title="bbox 246 2441 884 2518; baseline 0.003 -18"><span class='ocrx_word' id='word_1_153' title='bbox 246 2441 292 2500; x_wconf 89' lang='lat' dir='ltr'><strong>Me</strong></span> <span class='ocrx_word' id='word_1_154' title='bbox 316 2450 418 2500; x_wconf 91' lang='lat' dir='ltr'><strong>contra</strong></span> <span class='ocrx_word' id='word_1_155' title='bbox 442 2442 541 2518; x_wconf 90' lang='lat' dir='ltr'><strong>coepit</strong></span> <span class='ocrx_word' id='word_1_156' title='bbox 562 2442 698 2518; x_wconf 90' lang='lat' dir='ltr'><strong>protinus</strong></span> <span class='ocrx_word' id='word_1_157' title='bbox 720 2443 765 2502; x_wconf 92' lang='lat' dir='ltr'><strong>ira</strong></span> <span class='ocrx_word' id='word_1_158' title='bbox 788 2445 884 2504; x_wconf 91' lang='lat' dir='ltr'><strong>metri.</strong></span> 
     </span>
     <span class='ocr_line' id='line_1_27' title="bbox 206 2523 995 2604; baseline 0.005 -20"><span class='ocrx_word' id='word_1_159' title='bbox 206 2525 251 2584; x_wconf 90' lang='lat' dir='ltr'><strong>Me</strong></span> <span class='ocrx_word' id='word_1_160' title='bbox 275 2523 350 2584; x_wconf 89' lang='lat' dir='ltr'><strong>duce</strong></span> <span class='ocrx_word' id='word_1_161' title='bbox 373 2526 424 2603; x_wconf 91' lang='lat' dir='ltr'><strong>qui</strong></span> <span class='ocrx_word' id='word_1_162' title='bbox 447 2526 544 2594; x_wconf 89' lang='lat' dir='ltr'><strong>toties,</strong></span> <span class='ocrx_word' id='word_1_163' title='bbox 568 2525 673 2603; x_wconf 89' lang='lat' dir='ltr'><strong>inquit,</strong></span> <span class='ocrx_word' id='word_1_164' title='bbox 697 2544 763 2587; x_wconf 87' lang='lat' dir='ltr'><strong>mea</strong></span> <span class='ocrx_word' id='word_1_165' title='bbox 786 2528 870 2604; x_wconf 86' lang='lat' dir='ltr'><strong>signa</strong></span> <span class='ocrx_word' id='word_1_166' title='bbox 893 2525 995 2598; x_wconf 88' lang='lat' dir='ltr'><strong>tulisti,</strong></span> 
     </span>
     <span class='ocr_line' id='line_1_28' title="bbox 246 2607 892 2688; baseline 0.003 -19"><span class='ocrx_word' id='word_1_167' title='bbox 246 2607 319 2678; x_wconf 81' lang='lat' dir='ltr'><strong>Quis</strong></span> <span class='ocrx_word' id='word_1_168' title='bbox 341 2608 429 2668; x_wconf 91' lang='lat' dir='ltr'><strong>modo</strong></span> <span class='ocrx_word' id='word_1_169' title='bbox 452 2609 601 2686; x_wconf 85' lang='lat' dir='ltr'><strong>persuasit</strong></span> <span class='ocrx_word' id='word_1_170' title='bbox 621 2609 670 2670; x_wconf 89' lang='lat' dir='ltr'><strong>illa</strong></span> <span class='ocrx_word' id='word_1_171' title='bbox 693 2627 804 2688; x_wconf 82' lang='lat' dir='ltr'><strong>negare</strong></span> <span class='ocrx_word' id='word_1_172' title='bbox 826 2611 892 2671; x_wconf 89' lang='lat' dir='ltr'><strong>tibi.</strong></span> 
     </span>
     <span class='ocr_line' id='line_1_29' title="bbox 203 2691 993 2772; baseline 0.001 -19"><span class='ocrx_word' id='word_1_173' title='bbox 203 2692 308 2754; x_wconf 87' lang='lat' dir='ltr'><strong>Exitus</strong></span> <span class='ocrx_word' id='word_1_174' title='bbox 330 2700 393 2752; x_wconf 89' lang='lat' dir='ltr'><strong>acta</strong></span> <span class='ocrx_word' id='word_1_175' title='bbox 415 2691 537 2772; x_wconf 87' lang='lat' dir='ltr'><strong>prohat;</strong></span> <span class='ocrx_word' id='word_1_176' title='bbox 560 2694 633 2761; x_wconf 89' lang='lat' dir='ltr'><strong>linis,</strong></span> <span class='ocrx_word' id='word_1_177' title='bbox 657 2711 717 2754; x_wconf 90' lang='lat' dir='ltr'><strong>uon</strong></span> <span class='ocrx_word' id='word_1_178' title='bbox 740 2711 838 2772; x_wconf 82' lang='lat' dir='ltr'><strong>pugna</strong></span> <span class='ocrx_word' id='word_1_179' title='bbox 861 2703 993 2765; x_wconf 89' lang='lat' dir='ltr'><strong>coronat,</strong></span> 
     </span>
     <span class='ocr_line' id='line_1_30' title="bbox 245 2775 898 2839; baseline 0.005 -3"><span class='ocrx_word' id='word_1_180' title='bbox 245 2775 413 2837; x_wconf 90' lang='lat' dir='ltr'><strong>Laudamus</strong></span> <span class='ocrx_word' id='word_1_181' title='bbox 436 2776 553 2837; x_wconf 92' lang='lat' dir='ltr'><strong>taudem</strong></span> <span class='ocrx_word' id='word_1_182' title='bbox 576 2777 639 2838; x_wconf 90' lang='lat' dir='ltr'><strong>sole</strong></span> <span class='ocrx_word' id='word_1_183' title='bbox 662 2778 786 2839; x_wconf 86' lang='lat' dir='ltr'><strong>cadente</strong></span> <span class='ocrx_word' id='word_1_184' title='bbox 810 2778 898 2839; x_wconf 90' lang='lat' dir='ltr'><strong>diem.</strong></span> 
     </span>
     <span class='ocr_line' id='line_1_31' title="bbox 203 2860 1036 2940; baseline 0 -18"><span class='ocrx_word' id='word_1_185' title='bbox 203 2861 309 2922; x_wconf 89' lang='lat' dir='ltr'><strong>Nostra</strong></span> <span class='ocrx_word' id='word_1_186' title='bbox 332 2860 528 2940; x_wconf 86' lang='lat' dir='ltr'><strong>probabiliter</strong></span> <span class='ocrx_word' id='word_1_187' title='bbox 550 2860 609 2923; x_wconf 89' lang='lat' dir='ltr'><strong>huc</strong></span> <span class='ocrx_word' id='word_1_188' title='bbox 632 2879 725 2938; x_wconf 89' lang='lat' dir='ltr'><strong>nsque</strong></span> <span class='ocrx_word' id='word_1_189' title='bbox 749 2870 868 2924; x_wconf 85' lang='lat' dir='ltr'><strong>secutus</strong></span> <span class='ocrx_word' id='word_1_190' title='bbox 891 2881 923 2923; x_wconf 91' lang='lat' dir='ltr'><strong>es</strong></span> <span class='ocrx_word' id='word_1_191' title='bbox 945 2880 1036 2935; x_wconf 89' lang='lat' dir='ltr'><strong>arma,</strong></span> 
     </span>
     <span class='ocr_line' id='line_1_32' title="bbox 245 2944 895 3022; baseline 0.002 -16"><span class='ocrx_word' id='word_1_192' title='bbox 245 2944 331 3006; x_wconf 87' lang='lat' dir='ltr'><strong>Nunc</strong></span> <span class='ocrx_word' id='word_1_193' title='bbox 353 2947 437 3022; x_wconf 89' lang='lat' dir='ltr'><strong>quasi</strong></span> <span class='ocrx_word' id='word_1_194' title='bbox 460 2946 601 3007; x_wconf 82' lang='lat' dir='ltr'><strong>deficiens</strong></span> <span class='ocrx_word' id='word_1_195' title='bbox 623 2947 671 3006; x_wconf 94' lang='lat' dir='ltr'><strong>ilia</strong></span> <span class='ocrx_word' id='word_1_196' title='bbox 695 2947 780 3006; x_wconf 87' lang='lat' dir='ltr'><strong>ducis</strong></span> <span class='ocrx_word' id='word_1_197' title='bbox 803 2949 895 3008; x_wconf 89' lang='lat' dir='ltr'><strong>iners.</strong></span> 
     </span>
    </p>
   </div>
   <div class='ocr_carea' id='block_1_9' title="bbox 319 3133 326 3146">
    <p class='ocr_par' dir='ltr' id='par_1_16' title="bbox 319 3133 326 3146">
     <span class='ocr_line' id='line_1_33' title="bbox 319 3133 326 3146; baseline 0 0"><span class='ocrx_word' id='word_1_198' title='bbox 319 3133 326 3146; x_wconf 61' lang='lat' dir='ltr'>N</span> 
     </span>
    </p>
   </div>
   <div class='ocr_carea' id='block_1_10' title="bbox 200 3213 1167 3636">
    <p class='ocr_par' dir='ltr' id='par_1_17' title="bbox 200 3213 1167 3636">
     <span class='ocr_line' id='line_1_34' title="bbox 270 3213 1166 3282; baseline 0 -18"><span class='ocrx_word' id='word_1_199' title='bbox 270 3215 310 3267; x_wconf 77' lang='lat' dir='ltr'><strong>et.</strong></span> <span class='ocrx_word' id='word_1_200' title='bbox 333 3230 381 3278; x_wconf 89' lang='lat' dir='ltr'><strong>pro</strong></span> <span class='ocrx_word' id='word_1_201' title='bbox 399 3213 578 3282; x_wconf 83' lang='lat' dir='ltr'><strong>Triptolemo,</strong></span> <span class='ocrx_word' id='word_1_202' title='bbox 600 3216 690 3265; x_wconf 85' lang='lat' dir='ltr'><strong>Dares</strong></span> <span class='ocrx_word' id='word_1_203' title='bbox 707 3213 824 3279; x_wconf 78' lang='lat' dir='ltr'><strong>praebet</strong></span> <span class='ocrx_word' id='word_1_204' title='bbox 841 3215 1061 3280; x_wconf 79' lang='lat' dir='ltr'><strong>Neoptolemum.</strong></span> <span class='ocrx_word' id='word_1_205' title='bbox 1097 3213 1166 3270; x_wconf 76' lang='lat' dir='ltr'><strong>cod.</strong></span> 
     </span>
     <span class='ocr_line' id='line_1_35' title="bbox 202 3275 1167 3347; baseline 0.003 -18"><span class='ocrx_word' id='word_1_206' title='bbox 202 3275 408 3345; x_wconf 80' lang='lat' dir='ltr'><strong>Triptolemum.</strong></span> <span class='ocrx_word' id='word_1_207' title='bbox 479 3285 520 3334; x_wconf 85' lang='grc'><strong>99.</strong></span> <span class='ocrx_word' id='word_1_208' title='bbox 544 3296 578 3331; x_wconf 86' lang='lat' dir='ltr'><strong>ex</strong></span> <span class='ocrx_word' id='word_1_209' title='bbox 599 3281 724 3346; x_wconf 80' lang='lat' dir='ltr'><strong>margine</strong></span> <span class='ocrx_word' id='word_1_210' title='bbox 747 3281 869 3332; x_wconf 83' lang='lat' dir='ltr'><strong>aduncus</strong></span> <span class='ocrx_word' id='word_1_211' title='bbox 891 3283 966 3346; x_wconf 88' lang='lat' dir='ltr'><strong>qnod</strong></span> <span class='ocrx_word' id='word_1_212' title='bbox 989 3283 1074 3334; x_wconf 84' lang='lat' dir='ltr'><strong>stiam</strong></span> <span class='ocrx_word' id='word_1_213' title='bbox 1093 3282 1167 3347; x_wconf 86' lang='lat' dir='ltr'><strong>apud</strong></span> 
     </span>
     <span class='ocr_line' id='line_1_36' title="bbox 200 3347 1167 3418; baseline 0 -20"><span class='ocrx_word' id='word_1_214' title='bbox 200 3349 341 3418; x_wconf 59' lang='lat' dir='ltr'><strong>Dareum,</strong></span> <span class='ocrx_word' id='word_1_215' title='bbox 360 3365 409 3412; x_wconf 90' lang='lat' dir='ltr'><strong>pro</strong></span> <span class='ocrx_word' id='word_1_216' title='bbox 428 3350 551 3400; x_wconf 83' lang='lat' dir='ltr'><strong>adolens.</strong></span> <span class='ocrx_word' id='word_1_217' title='bbox 604 3351 661 3400; x_wconf 85' lang='lat'><strong>101.</strong></span> <span class='ocrx_word' id='word_1_218' title='bbox 679 3364 749 3399; x_wconf 85' lang='lat' dir='ltr'><strong>naso</strong></span> <span class='ocrx_word' id='word_1_219' title='bbox 761 3364 809 3414; x_wconf 92' lang='lat' dir='ltr'><strong>pro</strong></span> <span class='ocrx_word' id='word_1_220' title='bbox 821 3364 919 3399; x_wconf 79' lang='lat' dir='ltr'><strong>ussum</strong></span> <span class='ocrx_word' id='word_1_221' title='bbox 932 3350 991 3401; x_wconf 90' lang='lat' dir='ltr'><strong>cod.</strong></span> <span class='ocrx_word' id='word_1_222' title='bbox 1044 3351 1101 3404; x_wconf 84' lang='lat'><strong>105.</strong></span> <span class='ocrx_word' id='word_1_223' title='bbox 1119 3347 1167 3399; x_wconf 83' lang='lat' dir='ltr'><strong>Al-</strong></span> 
     </span>
     <span class='ocr_line' id='line_1_37' title="bbox 201 3414 1167 3480; baseline 0.003 -16"><span class='ocrx_word' id='word_1_224' title='bbox 201 3414 305 3465; x_wconf 88' lang='lat' dir='ltr'><strong>luditur</strong></span> <span class='ocrx_word' id='word_1_225' title='bbox 334 3415 460 3467; x_wconf 76' lang='lat' dir='ltr'><strong>ciceron.</strong></span> <span class='ocrx_word' id='word_1_226' title='bbox 489 3416 536 3466; x_wconf 91' lang='lat' dir='ltr'><strong>lib.</strong></span> <span class='ocrx_word' id='word_1_227' title='bbox 563 3416 597 3466; x_wconf 91' lang='lat' dir='ltr'><strong>de</strong></span> <span class='ocrx_word' id='word_1_228' title='bbox 624 3431 682 3468; x_wconf 87' lang='lat' dir='ltr'><strong>sen.</strong></span> <span class='ocrx_word' id='word_1_229' title='bbox 711 3432 771 3480; x_wconf 85' lang='lat' dir='ltr'><strong>cup.</strong></span> <span class='ocrx_word' id='word_1_230' title='bbox 800 3418 840 3467; x_wconf 90' lang='grc'><strong>10.</strong></span> <span class='ocrx_word' id='word_1_231' title='bbox 915 3419 972 3471; x_wconf 85' lang='grc'><strong>109.</strong></span> <span class='ocrx_word' id='word_1_232' title='bbox 1001 3416 1167 3480; x_wconf 80' lang='lat' dir='ltr'><strong>Polydorus,</strong></span> 
     </span>
     <span class='ocr_line' id='line_1_38' title="bbox 201 3482 1165 3550; baseline 0.001 -19"><span class='ocrx_word' id='word_1_233' title='bbox 201 3482 290 3532; x_wconf 86' lang='lat' dir='ltr'><strong>Dares</strong></span> <span class='ocrx_word' id='word_1_234' title='bbox 319 3482 419 3533; x_wconf 80' lang='lat' dir='ltr'><strong>habet:</strong></span> <span class='ocrx_word' id='word_1_235' title='bbox 454 3483 623 3534; x_wconf 81' lang='lat' dir='ltr'><strong>Podalirium</strong></span> <span class='ocrx_word' id='word_1_236' title='bbox 653 3499 787 3544; x_wconf 82' lang='lat' dir='ltr'><strong>crassum,</strong></span> <span class='ocrx_word' id='word_1_237' title='bbox 823 3483 976 3549; x_wconf 81' lang='lat' dir='ltr'><strong>valentem,</strong></span> <span class='ocrx_word' id='word_1_238' title='bbox 1007 3484 1165 3550; x_wconf 86' lang='lat' dir='ltr'><strong>superbum,</strong></span> 
     </span>
     <span class='ocr_line' id='line_1_39' title="bbox 201 3548 1040 3636; baseline 0.008 -39"><span class='ocrx_word' id='word_1_239' title='bbox 201 3549 318 3599; x_wconf 84' lang='lat' dir='ltr'><strong>tristem.</strong></span> <span class='ocrx_word' id='word_1_240' title='bbox 390 3553 447 3603; x_wconf 83' lang='lat'><strong>119.</strong></span> <span class='ocrx_word' id='word_1_241' title='bbox 466 3548 518 3601; x_wconf 86' lang='lat' dir='ltr'><strong>Ov.</strong></span> <span class='ocrx_word' id='word_1_242' title='bbox 538 3551 604 3601; x_wconf 87' lang='lat' dir='ltr'><strong>Her.</strong></span> <span class='ocrx_word' id='word_1_243' title='bbox 622 3549 659 3616; x_wconf 90' lang='grc' dir='ltr'><strong>Π,</strong></span> <span class='ocrx_word' id='word_1_244' title='bbox 679 3553 721 3604; x_wconf 86' lang='lat'><strong>85.</strong></span> <span class='ocrx_word' id='word_1_245' title='bbox 756 3552 806 3606; x_wconf 83' lang='lat' dir='ltr'><strong>Ex.</strong></span> <span class='ocrx_word' id='word_1_246' title='bbox 826 3555 880 3601; x_wconf 81' lang='lat' dir='ltr'><strong>act.</strong></span> <span class='ocrx_word' id='word_1_247' title='bbox 898 3552 975 3616; x_wconf 82' lang='lat' dir='ltr'><strong>prob.</strong></span> <span class='ocrx_word' id='word_1_248' title='bbox 1031 3619 1040 3636; x_wconf 33' lang='grc'><em>1</em></span> 
     </span>
    </p>
   </div>
   <div class='ocr_carea' id='block_1_11' title="bbox 0 0 1312 3980">
    <p class='ocr_par' dir='ltr' id='par_1_18' title="bbox 0 0 1312 3980">
     <span class='ocr_line' id='line_1_40' title="bbox 0 0 1312 3980; baseline 0 2"><span class='ocrx_word' id='word_1_249' title='bbox 0 0 1312 3980; x_wconf 95' lang='lat' dir='ltr'><strong> </strong></span> 
     </span>
    </p>
   </div>
  </div>
 </body>
</html>
