2392 3900
412 179 473 230 Lib.
491 179 514 234 1.
550 197 575 234 v.
594 183 739 233 493-518.

90 331 188 396 Nares
210 331 367 394 aedificant
390 332 564 410 crebrisque
588 333 768 413 bipennibus
790 335 910 403 instant.

40 478 44 483 .
134 418 223 479 Ilorls
245 423 279 478 ut
301 416 445 478 brevibus
467 417 652 479 acceleretur
674 437 759 498 opus.

134 564 282 622 fluorum
299 563 478 620 MITTITUR
495 566 520 618 A
537 564 712 620 TROJANIS
729 567 800 622 PRO
819 566 1016 622 JUVAMINE.

90 671 219 733 Mittitur
240 674 357 731 interea
379 669 528 738 robustus,
552 668 680 748 colligat,
704 671 822 743 Hector,
1009 682 1061 732 495

134 755 174 816 Ut
195 756 405 834 circumposita
428 754 465 815 de
488 757 611 833 regione
633 755 720 822 vIros.

91 840 201 901 Indicit
222 847 348 918 tompus,
374 840 468 915 quivis
490 849 523 900 ut
545 839 579 900 ad
604 857 685 899 arma
708 849 828 919 paratus

136 923 284 1003 Tempore
306 926 345 983 sit
367 920 418 984 tali
440 922 548 985 bellIoa
571 925 653 1002 signa
677 926 770 1003 sequi.

75 1007 208 1070 ·Bellum
231 1007 396 1070 Camandra
420 1008 517 1070 nitens
540 1025 657 1069 cassare
681 1009 813 1070 laturum

133 1091 206 1153 Inde
229 1092 280 1153 sed
303 1094 451 1153 ineassum
474 1094 585 1171 promit
607 1102 636 1152 et
658 1095 722 1172 Ipsa
745 1094 865 1154 malum.

91 1177 125 1238 Si
146 1177 298 1257 Phrygias,
323 1179 365 1237 ait
385 1174 445 1247 illa,
468 1185 548 1238 rates
571 1174 708 1238 bellando
730 1177 872 1257 Pelasgos

135 1261 279 1331 Senserit,
303 1261 377 1322 haec
399 1259 486 1322 nobis
508 1261 582 1322 ultio
605 1279 692 1323 casus
715 1264 780 1325 erit.

91 1346 241 1409 Convenit
262 1344 298 1406 ad
320 1352 440 1406 nostros
461 1346 568 1406 modus
591 1355 620 1405 et
641 1347 801 1425 prudentia
825 1365 940 1418 sensus,

134 1429 209 1491 Nam
231 1433 349 1510 provisa
372 1431 471 1490 minus
493 1432 551 1490 tela
573 1447 683 1491 nocere
705 1430 812 1492 solent.

94 1512 169 1584 Quid
192 1531 266 1593 rogo
288 1515 383 1576 laudis
406 1515 484 1584 eius;
509 1514 616 1575 muller
638 1515 766 1577 lormosa
789 1532 920 1594 superne
1011 1524 1062 1576 605

135 1599 195 1659 Sed
218 1598 294 1659 male
317 1599 442 1660 lormato
466 1598 612 1660 claudIcat
633 1597 682 1660 illa
706 1600 791 1677 pede.

93 1682 159 1743 Non
182 1699 286 1743 omnes
309 1685 430 1762 capIunt
452 1686 503 1763 qui
526 1691 656 1765 captant,
680 1702 768 1765 saepe
791 1685 925 1746 videmus

70 1780 77 1786 ·
135 1767 178 1827 Ex
200 1767 354 1846 inopinato
376 1766 506 1846 plaustra
529 1769 628 1848 perire
650 1772 735 1837 rotis.

92 1849 171 1921 Quid
193 1857 298 1912 contra
320 1851 436 1912 Danaos
459 1851 567 1914 suades
589 1856 777 1915 committere
798 1851 929 1914 bellum?

135 1932 298 1998 Consilium
321 1937 457 2013 sequitur
480 1936 579 2017 Troja,
603 1939 700 2006 ruina,
724 1936 845 1999 malum.

93 2019 190 2099 Saepe
213 2021 288 2080 mari
311 2021 428 2091 missus,
452 2029 486 2082 ut
507 2024 605 2101 pisces
628 2023 761 2091 aulierat,
785 2023 890 2084 hamus

135 2103 275 2165 Perditur
299 2113 327 2164 et
350 2104 439 2166 salvis
460 2106 593 2184 piscibus
615 2125 682 2168 esca
706 2107 803 2168 datur.

279 2248 400 2305 Novus
418 2251 577 2306 INTEREA
595 2253 874 2310 PERFIGIUNTUR.

93 2357 127 2417 ln
150 2363 232 2418 tanto
254 2374 356 2418 rerum
381 2360 507 2436 strepitu
530 2358 692 2436 mundique
715 2362 835 2439 fragore

136 2441 284 2521 Tempora
307 2448 499 2521 praetereunt
522 2461 606 2504 more
627 2444 748 2506 fluentis
771 2462 875 2524 aquae.

93 2526 251 2588 Perlicitur
274 2524 383 2596 classis,
408 2526 503 2589 redita
527 2534 591 2588 rate
613 2526 688 2588 lassa
712 2527 854 2606 bipennis

137 2610 191 2671 Est
212 2608 390 2671 utensilibus
413 2628 547 2692 quaeque
569 2610 684 2691 repleta
706 2614 788 2674 ratis.

95 2694 233 2755 Sentinas
255 2702 382 2755 onerant
404 2695 509 2756 collata
532 2695 653 2766 cibaria,
676 2697 797 2776 jamque

136 2781 282 2857 Aequoris
305 2781 437 2840 insuetas
459 2796 568 2841 ancora
590 2779 694 2841 lambit
717 2798 815 2858 aquas.

161 3000 220 3050 493.
237 2997 349 3062 Virgilii
368 3001 411 3049 est
428 2997 496 3052 Aen.
515 2998 550 3059 II,
570 3001 628 3050 627.
698 3002 755 3054 600,
775 3000 803 3048 in
822 3014 907 3064 marg.
927 3000 1064 3063 quianon

95 3063 242 3116 audierunt
260 3081 330 3118 eam.
399 3068 457 3117 503.
477 3065 614 3131 Pamphil.
633 3065 734 3128 LXIII,
753 3069 778 3117 5.

191 3131 328 3184 Convenit
345 3133 380 3182 ad
398 3138 504 3185 vestros
522 3133 618 3183 modus
637 3139 665 3183 et
683 3135 854 3185 moderantia
873 3147 979 3187 sensus.

96 3201 153 3254 505.
170 3199 225 3255 rid.
243 3200 309 3251 Hor.
328 3200 361 3250 A.
379 3201 411 3251 P.
430 3202 454 3251 4.
525 3203 583 3252 506.
602 3200 653 3255 Or.
671 3201 730 3251 Am.
749 3201 784 3263 11,
803 3202 844 3263 16,
863 3203 903 3253 20.

285 3268 418 3332 Turpiter
435 3267 546 3332 obliquo
565 3267 704 3319 claudicet
722 3268 771 3319 illa
788 3269 867 3334 pede.

96 3335 153 3394 510.
172 3337 260 3387 Aaou.
277 3333 375 3387 Nevel.
395 3350 420 3400 p.
440 3337 498 3398 506,
519 3337 559 3399 ta,
577 3336 662 3387 habet

269 3401 422 3454 Consilium
441 3405 568 3467 nequltnr
586 3409 663 3454 certa
682 3405 762 3454 ruina
779 3403 889 3454 malum.

94 3470 152 3526 514.
171 3470 222 3527 Or.
240 3473 293 3523 Ars
312 3472 383 3533 Am„
400 3468 452 3532 111,
470 3471 512 3520 62.
525 3497 559 3508 -
578 3476 644 3523 eunt
662 3470 728 3522 anni
746 3487 820 3522 more
839 3471 950 3523 fluentis
968 3485 1066 3537 aquae.
