2616 3980
467 139 528 192 uro.
547 137 569 192 Ι,
605 153 630 188 v.
649 138 793 190 ceo-eae.
1073 135 1114 200 33

149 295 207 354 Aut
229 309 284 370 ego
306 296 480 370 perpetuam
503 289 610 350 lamam
633 290 695 350 sine
717 288 784 350 labe
806 289 925 360 tenebo,
1065 297 1115 348 660

192 380 251 438 Aut
274 393 329 453 ego
352 385 381 436 te
404 377 615 455 potiusquam
639 383 685 434 tua
709 373 785 433 dona
809 390 927 450 sequar.

149 461 257 522 Desine
279 458 377 527 molle,
401 477 519 539 precor,
544 458 645 520 verbIs
667 456 834 519 convellere
857 467 976 538 pectus:

192 545 253 607 Nec
275 543 404 623 spolium
426 545 522 605 nostri
544 551 631 622 turpe
653 542 777 620 pudoris
799 541 884 604 habe.

152 627 237 700 Quod
259 631 337 709 petis
359 626 416 689 boc
439 628 543 690 saulam
566 629 665 707 posito
687 629 813 688 sortasse
835 627 951 704 pudore

191 713 228 774 Et
251 712 327 774 dabo
350 715 524 773 conlunctas
547 719 682 790 tempore
703 713 779 772 victa
800 728 920 778 manus;
1064 717 1115 768 600

149 796 208 858 Sed
231 807 328 858 vatum
352 799 482 872 moultus
503 798 594 858 timeo
617 815 693 876 quos
714 797 784 873 igne
807 794 929 872 Pelasgo

192 881 268 943 Ilion
291 899 428 942 arsurum
451 883 679 961 praemonuisse
701 880 812 942 lerunt.

149 965 212 1029 Nec
235 965 348 1036 dubito,
373 968 444 1046 quin
468 973 507 1033 te,
531 966 556 1024 si
578 980 752 1042 prosequar,
775 981 857 1024 arma
880 969 1057 1041 sequantur:

190 1049 249 1112 Ibit
270 1069 325 1129 per
347 1047 461 1128 gladios
484 1050 543 1125 (bei
565 1049 649 1127 mibi)
673 1057 773 1108 noster
795 1066 890 1109 amor.

149 1134 181 1196 Si
203 1135 240 1195 de
263 1142 293 1196 te
315 1142 404 1205 totus,
427 1135 467 1194 ait
488 1134 545 1201 bic,
569 1133 759 1194 contenderit
781 1131 871 1202 orbis,
1064 1139 1115 1189 660

189 1218 305 1279 Nomen
328 1218 365 1279 ab
388 1227 508 1279 aeterna
530 1219 704 1297 posteritate
726 1217 826 1278 feres.¹

149 1303 244 1379 Tinge
265 1312 374 1374 tamen,
398 1306 424 1363 si
445 1304 498 1371 vis,
520 1303 626 1378 ingens
648 1319 830 1378 consurgere
853 1298 978 1370 bellum;

190 1387 227 1448 Et
249 1387 320 1447 mibi
343 1395 413 1448 sunt
434 1389 513 1447 vires
536 1395 566 1446 et
587 1402 653 1445 mea
676 1385 734 1446 tela
756 1394 875 1446 nocent.

148 1469 211 1532 Nec
234 1473 331 1531 minor
354 1480 399 1531 est
420 1473 516 1541 Asiae,
540 1489 628 1549 quam
651 1479 766 1530 vestrae
789 1471 875 1548 copia
897 1477 1009 1537 terrae:

191 1553 243 1615 llla
266 1558 338 1616 viris
360 1556 449 1626 dives,
474 1555 554 1618 dives
577 1554 708 1615 abundat
729 1556 824 1633 equis
1064 1562 1114 1613 600

149 1639 210 1700 Ν60
233 1639 300 1718 plus
322 1640 440 1702 Atrides
463 1642 554 1700 animi
577 1639 730 1700 Menelaus
752 1636 884 1707 babebit,

191 1721 285 1794 Quam
308 1725 403 1792 Paris3
427 1732 478 1785 aut
500 1724 591 1784 armis
613 1721 822 1785 anteferendus
845 1723 898 1782 eis.

149 1806 324 1886 Opportuna
347 1809 408 1868 suis
430 1816 602 1868 statuuntur
624 1816 758 1882 tempora
782 1807 858 1866 erotis

191 1891 228 1952 Hi
251 1891 318 1951 duo.
364 1891 458 1961 Quam
480 1893 584 1968 longas
605 1890 650 1950 sol
673 1889 764 1949 trabit
784 1888 833 1950 ille
856 1888 932 1948 dles!

148 1975 266 2037 Mandat
288 1975 454 2038 Alexander
477 1974 635 2036 naucleros
657 1990 722 2034 esse
745 1981 864 2052 paratos
1065 1983 1115 2032 ato
1223 2035 1227 2052 ,

190 2060 311 2127 Taliter,
335 2068 368 2121 ut
391 2069 512 2139 possent
534 2047 760 2119 solvere'nocte
781 2066 870 2119 rates.

147 2143 297 2226 Militibus
309 2141 397 2222 jubet
419 2153 451 2204 ut
471 2142 614 2204 Helenam
636 2141 781 2202 vlolenter
803 2141 937 2202 abactam
964 2157 967 2163 ·

189 2228 323 2290 liciano
346 2231 474 2308 rapiant,
497 2230 529 2290 in
551 2226 768 2307 Phrygiamque
790 2227 907 2286 nebant.

147 2311 296 2374 Audacem
317 2311 445 2374 iaciebat
466 2331 560 2382 amor,
582 2314 741 2373 temeraria
762 2313 858 2372 virtus

191 2397 287 2476 Saepe
308 2395 364 2458 sub
388 2397 511 2474 ancipiti
533 2395 641 2472 gaudia
663 2404 744 2456 sorte
766 2394 843 2456 tulit.
1060 2405 1110 2452 666

147 2481 262 2543 lucauti
285 2498 323 2541 ne
346 2481 420 2548 sitis,
443 2483 492 2551 ait,
516 2498 571 2540 nos
593 2482 690 2540 omnia
713 2487 813 2538 nostra

189 2565 352 2645 Tamquam
375 2582 533 2626 mansuros
556 2565 735 2643 disposuisse
755 2562 857 2624 velim:

147 2649 179 2709 st
202 2648 273 2710 latet
294 2666 352 2716 ars,
376 2650 507 2728 prodest,
531 2649 616 2710 allent
637 2647 782 2727 deprensa
805 2645 959 2725 pudorem,

147 2801 317 2809 ——-—-—-

218 2885 276 2934 656.
296 2885 337 2935 51.
357 2884 436 2937 Ovid.
458 2885 525 2933 Her.
543 2882 637 2937 XVII.
656 2883 698 2935 69.
717 2883 759 2933 70.
836 2883 894 2934 652.
912 2882 954 2932 53.
974 2881 1025 2932 06.
1045 2882 1111 2935 Her.

148 2951 237 3012 XVII,
258 2953 315 3001 111.
336 2953 393 3001 114.
446 2952 504 3002 654.
523 2951 564 3002 55.
583 2949 662 3000 Ouid.
680 2949 747 3002 Her.
764 2949 851 3011 XVII,
872 2951 929 3000 759.
949 2948 1007 3001 660.
1054 2950 1112 3002 656.

147 3022 189 3070 57.
209 3017 258 3072 06,
275 3018 343 3072 Her.
361 3017 454 3080 XVII,
473 3019 532 3068 239.
550 3019 608 3067 240.
661 3017 718 3068 658.
736 3018 778 3067 59.
800 3017 851 3066 Ov.
864 3017 929 3070 Her.
947 3013 1034 3078 XVII,
1053 3017 1112 3068 245.
1136 3065 1137 3068 ,

148 3087 206 3136 246.
270 3088 328 3140 659.
348 3083 413 3135 cod.
432 3084 548 3149 glacios.
616 3085 674 3134 660.
692 3086 732 3135 61.
751 3085 801 3139 Ov.
821 3085 888 3134 Her.
905 3082 979 3145 XVI,
997 3084 1055 3135 373.
1069 3085 1111 3138 74.

148 3151 215 3202 Cod.
235 3157 323 3215 tutus,
342 3158 433 3202 tamen
451 3151 666 3216 superscriptum
684 3157 728 3202 eet
745 3155 828 3202 totus.
885 3152 1011 3201 oca-at.
1031 3149 1112 3201 ovid.

147 3220 216 3271 Her.
243 3219 320 3282 XVI,
346 3221 489 3271 951-956.
575 3219 633 3273 669.
663 3221 693 3268 in
723 3219 847 3282 margine
874 3217 1011 3269 scholiont
1043 3217 1113 3270 desi·

147 3287 259 3337 decenti
281 3288 344 3352 ipsa
366 3287 495 3338 ‘celeritas
518 3301 594 3336 mora
617 3291 669 3336 est.
755 3286 813 3339 674.
838 3285 889 3339 Ον.
908 3285 974 3335 Met.
998 3285 1045 3346 IV,
1068 3287 1110 3337 96.

147 3355 281 3404 audacem
307 3353 429 3404 faciebat
456 3369 539 3404 emor.
567 3352 633 3402 ibid.
664 3353 740 3414 VIII,
764 3355 814 3405 407
843 3353 991 3404 temeraria
1014 3355 1112 3406 virtus.

147 3423 208 3473 678.
226 3421 306 3471 Ovid.
323 3423 375 3472 Ars
394 3423 447 3470 ain.
466 3422 503 3482 11,
521 3421 578 3473 313.

199 3500 291 3542 Troilus.
893 3510 909 3556 3
