2616 3980
447 211 509 270 Lib.
527 219 562 270 1.-
584 236 609 272 v.
629 221 773 273 rra-152.

132 371 281 452 Perspicit
303 380 334 434 et
356 372 475 432 Troiam
497 389 551 432 rex
574 373 678 441 rnunit,
702 374 820 440 moenia
842 373 923 454 lapsa

176 457 274 536 Erigit
296 464 326 518 et
347 474 449 517 muros
472 454 681 535 amplificando
705 457 809 526 trahit:

133 541 319 604 constructis
341 542 437 618 portis
458 541 586 619 imponit
608 543 737 612 nomina,
762 539 881 623 supplet

174 627 298 688 Amnem
320 624 500 704 neglectum,
524 627 623 686 lirrnat
645 627 756 706 ubique
778 627 886 698 locum,

131 713 176 774 Ex
199 729 286 772 muro
308 717 408 772 turres
431 718 460 771 et
481 711 705 788 propugnacula
728 717 864 790 surgunt,

175 795 276 856 Firrna
299 796 407 856 virtute
429 794 572 872 Pergama
595 804 674 856 stare
695 795 788 857 vides.

132 879 199 944 Non
222 891 292 941 sunt
314 881 436 950 munita,
458 886 530 940 sunl
551 880 758 950 munitissima,
781 888 907 960 possent

175 963 256 1024 lnter
278 962 431 1044 praeclara
455 981 564 1024 nomen
586 961 698 1025 habere
719 963 794 1027 loca.

131 1049 225 1126 Regia
248 1051 346 1126 surgit
367 1047 410 1110 ibi
433 1046 612 1109 sublimibus
635 1048 693 1110 alta
715 1048 873 1121 columnis,

120 1185 128 1204 ,
175 1132 230 1194 Hic
252 1131 310 1193 sibi
333 1131 481 1194 culturam
503 1132 632 1193 vindicat
654 1151 704 1194 ara
728 1134 820 1196 lovis.

132 1217 244 1278 Versus
265 1217 424 1280 Paeoniam
446 1217 541 1278 sortes
564 1216 680 1279 adscire
703 1217 834 1289 Quirites

177 1300 219 1362 Ad
242 1305 335 1381 patris
356 1303 514 1379 imperium
538 1301 642 1380 dirigit
662 1301 774 1364 Hector
796 1303 863 1368 iter.

263 1481 410 1538 DIVERSI
428 1480 515 1537 LUDI
533 1481 698 1537 MILITIAE
716 1483 971 1562 exurgendum.

135 1604 217 1669 Urbe
240 1607 400 1667 reformata
422 1621 503 1665 nunc
525 1622 578 1666 rex
601 1611 631 1665 et
653 1613 712 1668 tota
736 1605 861 1667 relortal
1051 1616 1101 1667 135

177 1689 272 1769 Regni
294 1689 454 1768 praesidia,
478 1687 549 1752 litus
571 1706 673 1751 arasse
695 1697 789 1769 putat.

133 1775 278 1853 Pergama
302 1772 428 1835 militiae
449 1789 509 1833 nou
531 1771 627 1835 solum
650 1773 725 1834 llere
748 1783 872 1836 coronat

177 1857 271 1920 lmmo
293 1857 391 1938 replet
411 1857 557 1927 Priamus,
577 1857 677 1923 ¹milite
700 1865 761 1919 tota
783 1859 869 1938 viget.

134 1944 253 2023 Regalis
275 1944 357 2004 vario
380 1941 507 2005 laetatur
531 1943 612 2004 curia
635 1941 715 2012 ludo,

177 2029 211 2088 ln
232 2027 336 2108 quavis
359 2026 444 2088 audis
466 2027 597 2089 carmina
619 2025 695 2088 laeta
719 2026 817 2089 domo.

134 2113 178 2176 Ne
201 2120 300 2173 tamen
322 2113 459 2190 ignavum
484 2117 662 2173 consumant
683 2115 744 2174 otia
767 2130 878 2192 corpus

177 2195 310 2258 Militiam
333 2195 479 2268 recolunt,
503 2196 593 2256 sortia
615 2197 708 2258 multa
731 2205 854 2275 gerunt;

135 2279 285 2359 Segnities
308 2297 427 2342 causam
450 2279 574 2341 dederat
596 2283 675 2360 quia,
698 2280 904 2361 proditionem,

178 2365 332 2446 Responae
355 2364 481 2434 decoris,
504 2363 714 2426 Laomedontis
736 2383 821 2445 opus.

135 2451 211 2512 Tota
233 2449 408 2528 recognovit
429 2447 478 2509 hic
499 2450 625 2519 moenia,
650 2448 790 2511 desidiosi
890 2459 891 2464 ’

178 2533 261 2604 Quae
283 2533 400 2615 pridem
423 2533 497 2594 tanti
520 2551 609 2594 causa
631 2535 717 2594 luere
740 2533 819 2595 mali.

135 2618 253 2680 Desidis
274 2621 397 2696 aurigae
419 2634 479 2678 uon
501 2617 585 2679 audit
606 2617 731 2680 verbera
753 2635 868 2690 currus,

178 2701 320 2783 Displicet
341 2719 413 2780 ergo
436 2701 504 2763 duci
528 2701 676 2764 desidiosa
698 2704 798 2780 sequi;

135 2787 199 2848 Nee
220 2805 327 2849 manus
348 2787 492 2862 agnoscit,
516 2804 604 2865 quern
627 2805 688 2848 nnn
711 2789 854 2857 exercuit,
879 2805 981 2851 arcum

179 2871 259 2952 'l'yro
280 2872 455 2949 frequenter
477 2869 517 2932 ob
539 2870 597 2932 boc
618 2873 711 2932 mittit
732 2871 769 2933 ad
792 2891 874 2935 arma
896 2891 1027 2938 manum.
1053 2884 1106 2934 150

289 3033 467 3092 ANTENOR
482 3034 663 3100 murmura
679 3034 751 3093 PRO
769 3035 950 3092 HESYONE.

134 3157 198 3234 liex
222 3152 302 3220 videt
324 3163 357 3219 ut
378 3161 466 3236 regni
488 3155 619 3220 stabilita
641 3160 771 3237 negotia,
795 3165 926 3220 mentem

179 3239 296 3321 Colligit
319 3251 349 3305 et
370 3243 486 3323 proprii
508 3241 607 3331 cordis
629 3245 662 3304 in
684 3261 753 3305 arva
775 3243 868 3312 redit;

135 3377 340 3387 um...—

158 3435 162 3446 '
206 3445 262 3495 147.
298 3443 443 3497 Claudiae.
476 3446 510 3497 de
546 3445 651 3498 consul.
685 3443 776 3495 Mallii
810 3443 949 3496 Theodori
983 3463 1009 3500 v.
1044 3449 1105 3500 18³1,

136 3511 195 3564 149.
231 3527 247 3564 o
270 3511 415 3564 claudian.
440 3512 474 3565 de
497 3527 572 3566 eous.
591 3511 667 3564 Mell.
685 3511 789 3564 Theod.
812 3528 838 3565 v.
858 3513 914 3563 188.
