2616 4000
185 166 190 175 ⁸
223 201 283 266 188
312 185 343 204 ’“
521 207 584 256 cau.
603 207 650 258 v1.
686 223 712 256 v.
731 207 876 256 cae-aro.

522 403 706 472 [Perenne
724 401 880 471 ervisio]

222 506 281 567 Res
304 525 379 567 nova
402 506 546 569 sollicitos
567 509 673 570 invitat
694 527 812 588 semper
835 493 955 577 ocellus,
1138 519 1189 568 616
1290 507 1291 514 ’

264 591 327 653 1166
348 588 473 670 illacque
496 593 586 652 trahit
609 592 761 672 splendida
784 591 874 670 Troia
898 595 984 653 viros,

224 676 267 736 lie
288 673 392 736 multis
418 675 531 736 laribus
553 675 598 737 lar
619 673 669 738 hic
692 685 862 737 surrexerat
884 694 970 746 unus,

265 758 347 819 Unus
371 766 434 820 erat
456 762 518 820 solo
541 759 657 821 lucidus
678 764 747 838 igne
769 759 861 822 locus.

220 843 300 920 ignis
322 841 410 921 Troja
434 844 502 919 luit,
526 851 556 906 et
575 853 653 913 tote;
678 852 820 924 vagantur
842 844 953 905 ibidem

267 926 374 986 Graeci
397 925 559 1005 'lrojanum
582 927 765 992 circueundo
787 927 896 988 locum.
1137 938 1189 986 620

221 1010 275 1071 llic
299 1011 424 1080 cineres,
447 1011 496 1070 hic
519 1011 675 1082 carbones,
698 1013 746 1073 hio
770 1013 892 1089 respicit
915 1013 1018 1090 igncs;

264 1094 388 1172 Saepius
412 1103 457 1154 est
479 1094 583 1156 oculus
605 1097 636 1156 in
660 1097 790 1156 novitate
812 1114 909 1173 vagus.

98 1163 99 1166 ¹
136 1231 138 1234 .
222 1177 279 1238 lsta
302 1188 477 1256 regnantes
499 1189 583 1240 vocat
604 1182 634 1239 in
658 1197 816 1242 commune
839 1180 969 1251 Quirites

264 1261 300 1321 Et
319 1269 413 1322 totum
436 1262 579 1341 populum
603 1263 729 1326 buccina
752 1264 849 1323 dando
870 1280 986 1323 sonum.

222 1344 283 1404 Nec
306 1360 399 1406 mora.
444 1345 628 1407 Conveniunt
650 1355 680 1408 et
702 1347 942 1426 conglomeratur
964 1350 995 1407 in
1019 1365 1110 1408 unum
1133 1357 1186 1407 eac
1291 1351 1292 1428 ξ

271 1427 365 1498 Quam
389 1429 527 1505 tulerant,
549 1431 670 1510 praeda,
693 1449 764 1508 rege
787 1431 912 1500 volente,
935 1430 1043 1492 locum.

220 1512 256 1572 Et
277 1529 354 1591 quae
377 1512 515 1574 dividitur
538 1523 567 1574 et
589 1514 627 1574 ab
650 1533 829 1595 unoquoque
852 1513 974 1583 levatur,

261 1595 408 1657 Omnibus
431 1596 538 1658 illectis
561 1601 657 1676 portio
682 1617 786 1677 magna
809 1601 889 1660 satis.

222 1678 304 1741 Vivat
325 1682 355 1740 in
379 1688 532 1742 aeternum
556 1683 622 1742 rex!
648 1683 775 1744 clamant
798 1683 918 1744 vocibus
940 1681 1017 1758 altis,

262 1766 335 1824 Aera
360 1767 541 1834 concutiunt,
564 1767 697 1846 testaque
720 1769 815 1828 lansta
838 1775 956 1827 canunt.
1135 1777 1186 1824 666

440 1910 609 1980 [Arctous
627 1911 953 1982 senmourmae]

221 2013 301 2075 Vidit
322 2021 354 2075 ut
376 2014 503 2091 Atrides,
527 2016 596 2093 quid
621 2019 699 2078 enim
723 2035 781 2077 non
804 2016 854 2078 ille
877 2017 997 2086 videret,
1102 2031 1105 2037 ’

261 2099 351 2176 Cujus
374 2102 404 2160 in
428 2099 552 2160 arbitrio
575 2101 699 2162 Graecia
721 2110 784 2163 tota
807 2101 877 2170 luit:

220 2179 340 2259 Troiam
363 2184 555 2255 destructam,
579 2185 678 2246 linitos
700 2204 765 2246 esse
787 2185 919 2254 laborem

261 2266 377 2344 Cogitat
399 2269 428 2327 in
453 2269 590 2346 proprios
613 2271 657 2329 vel
680 2287 814 2330 remeare
836 2269 924 2331 lares.

220 2349 262 2409 td
286 2357 372 2410 notos
395 2352 483 2412 etiam
507 2350 655 2413 desiderat
678 2355 722 2415 ire
745 2363 868 2431 penates
1136 2363 1187 2412 666

262 2433 375 2495 Graeca
398 2433 535 2512 phalanx,
558 2438 642 2496 anuis
665 2437 780 2496 exiliata
804 2438 918 2499 decem.

220 2515 245 2576 0
267 2519 382 2595 patriae
405 2516 501 2579 natale
524 2518 630 2580 deensi
653 2523 695 2581 sic
718 2519 812 2580 allicis
833 2538 948 2590 omnes,

261 2599 338 2664 llxvtl
362 2604 408 2661 vix
432 2604 542 2680 poterit
563 2605 720 2665 immemor
742 2622 806 2665 esse
829 2602 882 2668 tui.

219 2685 406 2746 Conveniunt
428 2684 518 2763 aliqui
540 2685 599 2767 jam
624 2696 758 2766 tempora
782 2698 862 2749 certa
886 2689 993 2757 daturi,

259 2767 383 2839 Quando
406 2770 533 2848 petenda
557 2770 654 2832 iurent
675 2773 768 2850 patria
792 2781 869 2833 tecta
892 2772 957 2834 sihi.
1133 2782 1185 2832 640

219 2919 422 2929 *qm—1...

285 3002 344 3050 616.
363 3001 451 3055 schol.
471 3007 584 3068 propter
603 3005 703 3070 ignem.
776 3007 835 3058 aas.
855 3003 913 3056 cod.
933 2975 1185 3070 conglomerentur.

180 3089 183 3104 ε
216 3069 276 3118 630.
295 3068 369 3118 feste
387 3076 499 3124 canunt.
535 3071 586 3122 Ov.
606 3071 875 3136 restitnerit.
962 3074 1021 3123 631.
1041 3074 1083 3123 32.
1102 3072 1185 3123 Ovid.

103 3143 105 3148 ’
215 3134 326 3185 Remed.
343 3137 402 3187 467.
421 3137 463 3188 68.
512 3136 589 3187 Vidit
606 3137 634 3186 id
652 3139 771 3190 Atrides.
792 3140 857 3206 quid
876 3139 949 3190 enim
967 3145 1020 3190 etc.

119 3253 120 3256 Ἴ
216 3202 276 3252 637.
296 3202 388 3254 Gualt.
407 3203 555 3255 Alexandr.
574 3205 595 3266 1,
613 3207 663 3256 366

368 3269 517 3336 Opetriec
536 3271 637 3322 natalis
656 3273 791 3324 emersio
810 3273 902 3324 allicis
920 3288 1013 3325 omnes
1123 3311 1126 3320 ,

215 3337 273 3389 638.
291 3334 341 3387 Ov.
362 3352 386 3389 e.
404 3337 485 3391 Pout.
504 3339 527 3400 1,
545 3342 570 3400 3,
589 3341 630 3390 35.
648 3341 690 3390 36.

353 3403 455 3454 Ν66616
474 3407 527 3470 qui
544 3405 639 3456 natale
658 3407 746 3458 solum
764 3406 910 3458 dulcedine
929 3413 1025 3472 ceptor

384 3471 477 3535 Ducit,
497 3476 525 3522 et
543 3473 712 3524 immemores
730 3490 783 3525 non
803 3475 948 3532 6166116666
967 3475 1019 3526 661.
