2616 3980
245 221 284 285 18
412 301 415 306 A
551 223 615 276 nra.
633 222 656 275 1.
690 237 716 276 v.
735 223 879 276 ere-ace.

286 374 401 436 Debeat
422 382 456 434 ut
477 372 528 434 tali
550 375 634 452 virgo
656 374 764 435 deeora
787 374 866 443 dari;

243 461 333 522 Facta
357 459 475 537 quidem
497 456 579 519 robis
602 477 661 518 non
685 469 731 520 εει
753 459 872 528 iniuria,
895 460 1027 537 primum
1161 469 1214 518 225

285 543 401 604 Prodiit
422 562 439 603 a
461 550 559 603 vestro
582 541 783 604 Laomedonte
803 540 912 603 scelus.

244 628 386 690 Venimus
407 630 438 687 in
460 643 543 706 pace.
568 627 678 706 repulit
699 645 754 688 nos
777 626 959 689 dedecorosa

285 713 410 774 Nostros
432 711 591 773 intendens
613 713 766 789 exagitare
789 711 867 790 iuga.

244 798 323 859 Siste
345 796 485 875 gradum;
509 814 569 856 non
593 804 645 865 est,
669 797 748 875 quod
771 796 833 857 fers
856 797 885 855 in
908 800 1040 871 pectore,
1065 805 1202 874 gratum;
1279 849 1280 896 1

285 883 445 961 Propositi.
467 880 597 950 rediens,
620 880 764 941 contrahe
786 878 849 940 vela
874 880 929 941 tui.
1162 889 1215 938 250
1279 901 1280 950 t

242 965 291 1028 Nil
314 966 439 1027 credens
461 971 569 1033 actum,
592 972 653 1024 tum
677 964 749 1044 quid
772 971 944 1043 superesset
965 963 1117 1042 agendum
1279 957 1280 1004 t

256 1085 258 1090 ·
285 1053 417 1112 Antenor
440 1049 540 1110 differt
562 1050 710 1110 velificare
734 1048 865 1110 domum.

242 1135 378 1198 Nestoris
400 1132 573 1212 aggreditur
594 1133 777 1203 habitacula;
800 1135 938 1202 nuncius,
962 1134 1068 1212 inquit,

286 1219 329 1280 Ad
352 1227 467 1279 vestros
489 1219 556 1277 veni
579 1216 753 1278 velificando
775 1217 863 1278 lares.

245 1303 401 1383 Supplicat
421 1301 588 1380 Hesyonem
610 1319 665 1362 rex
688 1300 782 1372 reddi,
806 1301 913 1363 damna
937 1299 1064 1362 tacendo
1112 1345 1115 1351 .
1162 1310 1214 1358 235

190 1423 194 1430 1
288 1388 355 1448 Vult
378 1388 511 1465 reprimi,
534 1385 631 1463 pudor
654 1393 699 1447 est
720 1385 866 1449 ulteriora
888 1385 979 1464 loqui.

244 1472 306 1534 Hae
329 1475 393 1532 vice
416 1471 452 1531 de
475 1470 596 1548 praeda,
617 1471 658 1530 de
681 1472 760 1546 regis
783 1480 879 1530 morte
900 1478 1044 1538 tacemus,

288 1557 339 1618 Est
360 1573 456 1641 grave¹
472 1555 551 1631 quod
575 1553 672 1614 doleat
693 1571 927 1615 commemorare
950 1552 1008 1614 diu.

245 1641 358 1709 Omnia,
382 1657 437 1700 rex
459 1640 538 1718 dicit,
563 1657 637 1717 quae
661 1647 729 1699 sunt
750 1637 830 1700 illata
852 1637 999 1717 probrose

287 1726 318 1786 Si
340 1724 430 1785 suerit
450 1725 534 1801 virgo
556 1722 681 1791 reddita,
705 1724 786 1802 pacis
809 1730 906 1783 erunt.
1060 1729 1063 1732 '
1162 1731 1214 1780 240

200 1874 204 1882 ,
242 1811 302 1872 Hei
325 1810 414 1870 nimis
437 1815 492 1878 est,
515 1807 605 1886 quod,
629 1810 732 1876 amice.
756 1808 847 1886 petis!
870 1802 1055 1867 moderatius
1076 1802 1164 1886 opta‡;

287 1895 331 1956 Sit
355 1893 460 1955 domus
482 1891 636 1973 Hesyonae
659 1892 774 1962 Grecis,
798 1891 907 1952 Nestor
929 1891 979 1951 ait.

245 1980 299 2042 Dic
321 1984 419 2041 tamen
443 1980 570 2046 interea,
593 1995 684 2056 quum
708 1983 737 2037 te
758 1976 865 2037 fiducia
887 1975 998 2036 nostris

287 2063 443 2143 Appulerit
465 2061 587 2130 laribus
611 2061 724 2139 pacifici
748 2079 787 2121 ne
809 2061 930 2122 sumus?

248 2146 395 2209 Ulteriora
417 2145 498 2223 loqui
520 2143 618 2223 pudor
641 2143 772 2212 esttibi,
797 2145 844 2206 die
867 2161 930 2222 age,
953 2163 1062 2224 magno
1162 2155 1213 2205 245

288 2231 407 2307 Absque
431 2228 544 2290 rubore
567 2226 648 2308 loqui
670 2245 750 2288 nunc
772 2229 849 2290 mala
872 2238 973 2290 nostra
996 2247 1084 2310 queo.

245 2315 361 2383 Nescis,
386 2331 461 2392 quae
483 2312 576 2375 fuerit
596 2311 675 2372 illata
699 2312 845 2374 calumnia
868 2313 989 2376 Graecis

288 2396 354 2462 Iam
379 2406 443 2459 tum
465 2397 594 2476 pacificis
616 2399 648 2457 in
672 2397 831 2458 Simoentis
854 2400 955 2477 aquis?

246 2483 397 2560 Numquid
420 2501 452 2542 es
473 2481 584 2542 oblitus
606 2479 685 2559 quod
708 2482 852 2544 Graecam
874 2500 928 2544 rex
950 2489 1019 2545 tuus
1041 2482 1112 2544 olim

289 2569 332 2629 Ex
353 2567 482 2647 Phrygia
503 2565 590 2645 jussit
611 2567 695 2626 ocius
717 2563 763 2626 ire
786 2568 899 2627 ratem?
1162 2577 1213 2626 250

245 2652 363 2716 Excidit
385 2669 420 2710 ex
444 2653 542 2712 animo
565 2649 628 2719 tibi,
653 2650 801 2729 quomodo
822 2659 882 2710 tam
905 2651 1004 2727 subito
1026 2670 1080 2712 nos

289 2734 428 2799 Gedendo
452 2735 600 2813 quondam
623 2736 799 2796 sustinuisse
821 2731 938 2812 sugam?

247 2822 350 2889 Gades,
374 2838 412 2881 ne
435 2826 565 2880 nostram
591 2826 639 2880 tua
662 2819 798 2880 mordeat
819 2838 930 2880 ancora
952 2827 1063 2881 terram

289 2906 409 2974 Ferrea,
433 2922 483 2964 res
506 2903 649 2982 Phrygias
671 2904 784 2965 Graeca
807 2904 919 2964 refutat
939 2904 1056 2964 humus
1282 2953 1283 2964 ,

247 2992 310 3053 Rex
332 2998 402 3051 tuus
422 2994 467 3049 est
481 2989 626 3058 Priamus,
650 2988 759 3066 gaudet
774 3005 894 3064 quoque
909 2990 1032 3050 Graecia
1048 3006 1129 3066 rege,
1163 2997 1213 3048 255
1281 2981 1283 2998 ⁴

289 3081 333 3137 An
357 3075 453 3134 nescis
475 3072 578 3150 longas
599 3072 723 3150 regibus
746 3090 811 3133 esse
834 3073 960 3134 manus?

314 3311 372 3359 226.
391 3307 460 3360 Μεε.
478 3312 579 3358 nostro.
650 3308 708 3357 241.
728 3307 780 3358 Ov.
800 3324 823 3358 e.
841 3310 920 3363 Pont.
939 3309 963 3372 Ι,
981 3309 1006 3372 8,
1027 3310 1067 3360 71.

298 3377 339 3427 Ah
357 3376 469 3426 nimium
489 3379 541 3438 est,
561 3373 642 3439 quod,
662 3374 757 3438 amice,
775 3377 864 3440 petis!
882 3375 1053 3426 moderatius
1072 3381 1152 3443 opta:

244 3447 305 3498 254.
327 3445 395 3496 Μεε.
413 3444 516 3507 repetit
534 3442 668 3506 anchora,
693 3442 754 3492 sine
772 3458 868 3505 sensu,
891 3459 1013 3509 proque
1032 3446 1208 3510 scripsimus:

243 3516 348 3568 ferrea.
418 3511 478 3559 266.
497 3508 591 3559 Ovidii
610 3515 653 3560 est
670 3509 784 3561 Heroid.
802 3511 890 3573 XVII,
909 3513 965 3563 166.
