2618 3984
441 200 500 258 ιιι.
519 204 570 258 ιιι,
605 219 631 252 v.
652 203 795 254 ceo-oro.
1062 201 1102 266 91

138 355 199 416 lam
221 371 364 434 proceres
387 353 499 434 aliquos
523 339 688 420 attraxerat
705 355 742 416 ad
765 375 817 418 sua
840 351 916 425 uota,

179 438 241 500 lam
265 441 365 518 coepit
388 438 483 499 scindi
505 439 654 500 seditione
677 439 792 500 cohors.
1052 448 1103 498 590

137 523 185 586 Nil
208 523 369 603 reprobum
392 523 449 583 fuit
470 524 501 584 in
522 526 752 602 Agamemnone
777 521 912 593 bellicus,
943 523 1046 594 audax,

179 608 275 669 Fortis
298 614 370 676 erat,
393 605 470 668 bene
491 625 524 668 se
546 606 740 687 militiamque
762 626 887 686 regens;

135 692 238 754 Maluit
261 707 332 769 ergo
355 693 437 772 prius
452 692 571 758 laculas
593 695 768 770 extinguere
791 692 856 762 litis,

116 847 117 856 χ
179 777 215 838 Et
237 775 323 838 freno
345 777 427 853 pacis
448 775 576 855 perdere
599 784 715 855 sceptra
738 779 842 855 magis.

135 861 223 922 blane
251 861 342 921 duces
365 859 567 939 populumque
590 871 689 930 vocat;
719 868 821 932 status,
845 862 949 942 inquit,
973 861 1101 930 honesti,

177 945 228 1006 Lis
250 947 329 1005 inter
352 946 449 1005 socios
472 963 509 1005 ne
532 954 695 1015 moveatur,
719 945 818 1007 habet.
1025 956 1029 960 ’
1052 953 1102 1003 596

136 1030 200 1092 Νοιι
223 1029 287 1089 leve
309 1028 452 1090 sollicitae
474 1030 582 1090 mentis
605 1028 746 1091 discurrit
769 1047 894 1090 acumen

178 1115 210 1174 ln
233 1113 318 1182 duce,
343 1115 393 1192 qui
416 1121 521 1192 captat,
545 1122 576 1173 ut
598 1112 674 1175 bene
696 1129 788 1192 regna
812 1122 905 1192 regat.

137 1197 265 1258 Rodilur
289 1197 406 1258 assidua
429 1196 540 1276 regalis
562 1197 655 1275 gloria
678 1217 758 1268 cura,

177 1280 283 1360 Dejicit
306 1279 454 1360 excelsum
477 1283 569 1343 multa
592 1281 712 1362 querela
736 1284 854 1345 ducem.
1052 1291 1103 1340 600

134 1365 254 1427 Rodere
278 1367 355 1426 malo
378 1365 486 1438 labam,
510 1383 598 1446 quam
622 1385 693 1429 cura
715 1374 859 1447 praepete
881 1366 958 1435 rodi,

178 1450 254 1510 Sunt
276 1450 350 1512 mibi
372 1469 465 1531 pauca
491 1452 571 1520 satis,
596 1460 665 1512 sunt
687 1453 759 1512 mihi
780 1449 872 1512 multa
895 1449 993 1512 nimis.

136 1534 261 1595 Insidias
284 1534 371 1595 modo
394 1552 485 1613 regna
507 1535 620 1605 timent,
644 1536 733 1596 modo
756 1535 956 1610 traditionem,

178 1619 263 1679 Nunc
284 1618 430 1698 jugulum,
455 1636 534 1679 nunc
558 1636 609 1679 cor
632 1619 792 1681 ambitione
815 1635 932 1696 vagum.

135 1702 189 1763 Est
211 1701 308 1762 bonor
330 1703 447 1763 assidue
470 1707 607 1780 suspecta
629 1705 761 1781 pericula
784 1704 882 1763 serre?
1053 1711 1103 1762 605

179 1785 232 1846 Est
252 1785 348 1846 bonor
370 1787 502 1847 incertos
524 1803 642 1863 semper
664 1786 776 1848 babere
799 1787 881 1846 diesi

136 1870 202 1931 Non
224 1868 321 1929 bonor
344 1877 398 1937 est,
422 1870 474 1930 sed
497 1887 582 1937 onus,
605 1872 719 1949 species
741 1870 857 1930 laesura
880 1871 1042 1942 ferentem;

127 1987 131 1994 .
179 1953 231 2014 Est
252 1951 338 2022 bona,
363 1972 438 2032 quae
461 1963 586 2031 generat
607 1973 675 2020 esca
698 1961 829 2015 comesta
852 1955 975 2014 necem?

136 2038 228 2099 Parva
251 2037 349 2098 solent
372 2040 485 2116 magnis
507 2054 626 2098 causam
649 2046 801 2116 praestare
823 2040 943 2108 ruinae;

179 2119 234 2190 Qui
254 2121 334 2200 jacet
355 2121 488 2190 inferius,
513 2121 692 2192 nonhabet,
715 2123 795 2184 unde
817 2123 912 2188 cadat.
1051 2131 1102 2182 610
1127 2123 1132 2139 ’
1173 2197 1176 2204 .

132 2205 191 2278 Qui
213 2207 293 2266 cadit
314 2206 343 2265 in
366 2207 454 2285 plano
476 2207 524 2266 vix
547 2206 605 2276 bic,
631 2215 701 2268 tunc
723 2209 821 2268 evenit
843 2209 910 2288 ipsi,

178 2291 229 2351 Sic
252 2289 331 2352 cadit
352 2298 385 2349 nt
408 2299 483 2352 tacta
507 2307 631 2368 surgere
652 2294 747 2370 possit
768 2292 870 2353 humo.

134 2376 195 2437 Nec
219 2373 294 2436 mala
317 2393 392 2454 quae
415 2377 511 2454 posui,
537 2373 580 2434 vel
601 2393 721 2454 possem
743 2394 866 2454 ponere;
890 2379 1024 2456 quamvis

176 2458 295 2537 integra
319 2478 375 2538 pax
398 2462 505 2537 vigeat,
526 2466 595 2520 sunt
617 2459 774 2522 metuenda
797 2461 887 2522 mibi.¹

69 2599 72 2604 .
132 2543 212 2614 Quid
233 2543 270 2603 de
292 2546 443 2621 praesenti
467 2543 600 2604 dicemus
622 2553 768 2624 ternpore,
791 2544 908 2622 quando
1052 2553 1101 2602 615

177 2627 244 2688 Otia
267 2645 318 2687 rex
341 2634 442 2688 noster
464 2627 575 2689 ducere
598 2628 678 2690 nulla
699 2635 805 2707 potest.

202 2897 260 2948 591.
279 2910 328 2959 pro
347 2895 406 2947 cod.
424 2879 579 2950 rebrobum.
631 2897 688 2952 sot.
707 2895 857 2947 Claudiani
875 2900 926 2960 esi,
944 2885 1017 2961 rapt.
1035 2889 1109 2947 Pro-⁸

133 2977 206 3028 serp.
242 2964 300 3017 201.
386 2965 444 3014 600.
463 2965 512 3015 Or.
530 2963 596 3017 Her.
615 2965 691 3024 Xlll,
711 2964 760 3015 110
784 2964 862 3016 venit
880 2962 970 3044 'multa
988 2964 1102 3028 querela

131 3028 347 3162 dictricti
356 3045 453 3161 li...
471 3031 610 3150 popum.
620 3031 915 3163 allicitis·
926 3032 1018 3162 111,
1038 3033 1102 3149 lli:

131 3166 192 3220 009.
213 3165 305 3220 Gualt.
324 3165 400 3217 Alex.
417 3165 466 3221 lib.
485 3167 546 3228 VII,
567 3169 626 3219 512.
660 3179 668 3188 ·

252 3249 343 3299 Parve
361 3250 431 3301 solet
449 3253 556 3316 magnis
576 3267 687 3304 eausam
706 3255 850 3316 proestare
868 3251 966 3302 ruinis.

95 3374 99 3380 ι
131 3335 191 3383 010.
208 3332 290 3387 Alan.
310 3335 407 3397 parab.
426 3336 464 3397 11,
486 3338 517 3387 18

271 3400 326 3464 Qui
341 3400 418 3463 jacet
436 3403 466 3450 in
483 3407 566 3463 terre,
586 3418 640 3454 non
658 3403 750 3460 hebet.
770 3403 841 3454 unde
859 3401 949 3458 cadat,

131 3485 193 3534 611.
212 3486 251 3534 12.
271 3484 343 3534 benc
361 3486 530 3536 sententiam
548 3487 633 3538 letius
652 3486 801 3553 explicant.
