2392 3900
131 183 176 247 26
452 186 516 236 nto.
534 185 557 239 1
592 202 618 236 v
637 187 779 237 oco-ron.

23 365 24 369 ¹
135 338 190 398 llic
212 355 294 398 mera
317 334 449 408 libertas,
472 337 520 397 bic
543 355 612 398 vera
637 336 786 416 per·icula;
809 356 910 417 quare,
989 372 1025 423 ς
1051 347 1102 398 406

178 421 271 492 Quam
294 421 359 482 lieri
383 440 496 492 servus,
521 423 580 483 otia
602 421 681 483 malo
704 425 797 500 sequi.

134 506 272 567 Libertas
293 523 348 586 per
371 506 458 568 dulce
481 504 593 567 bonum
618 505 695 566 bona
719 514 817 566 cetera
841 506 951 577 condit,
1053 508 1056 513 ’

179 592 250 662 Qua,
274 592 325 668 qui
348 590 430 651 dives
452 594 518 661 erit,
542 591 632 651 ditior
655 608 720 652 esse
743 592 854 670 nequit.

294 770 455 825 PRIAMUS
472 771 652 827 PANTHUM
670 769 937 826 REPREHENDIT.
997 794 999 797 ·

68 934 74 941 -
132 895 171 955 m
193 894 328 954 Priamus
351 891 430 954 bello
452 893 561 971 gaudet
583 901 753 956 constanter
776 900 806 954 et
828 902 915 973 urget

177 975 367 1057 Propositum
390 981 498 1038 mentis
521 977 715 1058 enucleatque
738 997 833 1039 suum.
1051 987 1103 1038 4⁷0

136 1064 212 1132 Non,
237 1064 286 1132 ait,
309 1063 339 1123 in
362 1069 470 1123 mente*
487 1065 631 1124 constanti
655 1062 712 1124 tela
735 1066 849 1124 timoris

178 1146 327 1215 Fabricat‚
351 1149 381 1206 in
404 1147 503 1224 fragili
526 1146 607 1208 bubo
629 1148 774 1226 propheta
797 1146 876 1208 mali.

133 1231 196 1293 Nos
217 1234 307 1291 istum
332 1239 435 1301 vatem,
459 1249 513 1292 nos
534 1250 642 1294 vanum
665 1234 834 1312 spernimus
857 1247 965 1302 omne,-

178 1315 277 1376 Solius
300 1322 346 1374 est
368 1316 523 1394 proprium
545 1319 624 1378 scire
646 1318 747 1377 lutura
769 1317 827 1376 dei.

63 1451 66 1456 .
131 1401 232 1478 Saepe
253 1399 412 1476 fatigamur
434 1401 463 1459 in
486 1399 595 1470 multis,
620 1418 708 1479 saepe
730 1401 854 1460 molesta
1053 1408 1104 1458 476

179 1484 313 1545 Sustinet
335 1500 350 1542 a
374 1484 496 1544 Graecis
518 1484 609 1564 Troja
631 1487 756 1545 remissa
779 1480 878 1545 minis.

134 1568 266 1629 Exacuat
287 1566 416 1627 vindicta
437 1585 553 1642 manus,
577 1576 748 1629 constanter
772 1570 801 1629 in
823 1567 874 1629 illa

180 1652 362 1721 Perstemus,
386 1670 475 1731 quam
497 1654 557 1714 iarn
579 1656 731 1730 coepimus
752 1655 798 1714 ire
819 1656 907 1714 viam.

129 1737 234 1816 Turpe
256 1738 371 1797 reterre
394 1736 511 1814 pedem,
535 1755 591 1800 nec
614 1756 703 1817 passu
726 1747 805 1798 stare
829 1740 937 1808 tenaci,

178 1821 279 1900 Turpe
301 1821 393 1882 semel
417 1829 526 1883 tactum
550 1825 752 1901 postposuisse
774 1821 880 1884 locum.
1034 1831 1105 1891 ,400

134 1907 193 1967 Aut
215 1923 367 1984 nunquam
391 1913 487 1968 tentes
510 1916 561 1968 aut
582 1907 700 1987 perfice.
745 1907 850 1968 Nonne
874 1905 1045 1985 loquentur,

178 1989 285 2051 Troica
308 1991 491 2051 Graecorum
514 2000 646 2052 transeat
667 1993 752 2053 basta
772 1990 867 2069 jecur.

136 2073 226 2134 Audit
249 2080 278 2134 et
300 2073 357 2133 hoc
380 2073 470 2136 audet
491 2093 654 2155 ausumque
678 2075 837 2135 sonoribus
860 2081 957 2152 auget,

179 2157 217 2217 lit
242 2155 327 2217 ducis
350 2156 445 2217 edicto
468 2159 556 2238 Troja
579 2168 682 2236 parata
705 2160 792 2219 lavet.

130 2240 221 2302 Tolle
243 2258 350 2309 moras,
375 2241 467 2311 aiunt,
491 2245 593 2302 nocuit
615 2243 734 2303 differre
757 2243 885 2320 paratis;
1054 2251 1105 2302 486

178 2324 339 2386 Dimidium
363 2323 431 2385 lacti
455 2327 506 2403 qui
528 2326 604 2386 bene
627 2327 734 2402 coepit,
758 2324 857 2386 habet.

137 2411 255 2470 llecreti
277 2407 361 2469 trahe
384 2409 447 2469 vela
470 2411 523 2485 tui,
546 2410 711 2490 peribimus
733 2426 846 2478 omnes,

180 2494 275 2555 Offert
297 2512 328 2554 se
352 2501 419 2553 voto
442 2497 536 2571 patria
559 2501 620 2554 tota
643 2501 702 2554 tuo.

131 2578 243 2639 'Grates
264 2596 317 2638 rex
340 2579 457 2657 peragit
479 2587 510 2639 et
531 2588 648 2641 coetum
672 2579 778 2640 concio
802 2577 897 2638 solvit.

179 2662 324 2723 lusistuut
346 2665 441 2741 operi,
465 2664 498 2724 lit
519 2681 603 2723 mora
626 2662 706 2724 nulla
729 2661 818 2724 labri.
1054 2672 1105 2722 400

111 2812 113 2816 ,
137 2746 343 2808 Procumbunt
364 2749 477 2826 piceae,
502 2759 587 2808 sonat
609 2751 668 2824 icta
691 2746 845 2808 securibus
868 2747 937 2818 ilex,

183 2832 274 2892 Corni
296 2838 469 2893 sternuntur
492 2834 705 2910 fraxineaeque
727 2831 836 2893 trabes.

111 3004 116 3013 ¹
206 3000 265 3051 466.
284 3001 442 3064 emargine
461 3015 510 3065 pro
528 3000 633 3051 misere.
703 3000 761 3052 467.
778 2997 865 3054 Auen
883 2999 978 3050 Nevel.
996 3017 1024 3066 p.
1046 3001 1105 3060 626,

137 3082 164 3120 v.
183 3068 207 3116 9.
292 3068 352 3120 468.
370 3069 458 3120 Aeon.
480 3068 576 3119 Nevel.
600 3083 626 3132 p.
651 3067 744 3119 6260.
763 3067 805 3115 12
893 3068 953 3121 474.
969 3067 1106 3133 Pamphil

137 3132 250 3195 XXXV,
270 3135 294 3187 2.
346 3135 405 3185 479.
423 3133 516 3184 Ovidii
534 3140 577 3185 est
595 3149 629 3185 ex
640 3135 721 3184 Pont.
733 3133 769 3196 ΙΙ,
784 3136 807 3196 6,
820 3135 861 3184 21.
911 3135 971 3184 460.
983 3134 1105 3187 Imitatio

139 3198 220 3251 Ovid.
238 3201 305 3255 ibid.
323 3217 350 3253 v.
369 3204 402 3252 22
420 3201 510 3268 Turpe
528 3201 702 3253 laborantem
721 3170 877 3252 deberbisse
893 3205 992 3255 ratem.

138 3269 197 3322 481.
217 3268 320 3318 Similis
339 3268 605 3332 undumeni,
624 3271 674 3320 389

387 3338 442 3387 Aut
459 3352 515 3387 non
533 3337 659 3399 tentaris,
679 3341 727 3386 eut
743 3336 853 3402 perfice.

137 3402 198 3453 486.
216 3403 323 3454 Lucan.
342 3403 365 3468 Ι,
384 3407 443 3457 281.
494 3405 551 3454 466.
568 3405 635 3454 Hor.
652 3403 703 3468 Ep.
722 3405 743 3466 Ι,
762 3407 786 3464 2,
804 3406 846 3454 40.
866 3403 958 3454 dimid.
977 3406 1025 3469 qui
1043 3421 1106 3456 coe·

139 3471 181 3535 pit
199 3469 294 3520 hebet.
365 3473 422 3522 491.
442 3474 484 3526 92.
501 3471 614 3538 Virgilii
630 3472 751 3522 imitatio
770 3472 838 3524 Aen.
857 3471 904 3523 VI.
924 3472 981 3523 180.
1000 3473 1057 3525 181.
1102 3533 1106 3537 ,
