2618 3984
431 210 494 265 Lib.
512 210 561 266 111.
596 228 622 266 v.
642 211 786 264 'lbi-786.
887 207 890 212 ⁴

126 366 168 427 lle
190 365 282 445 Mysia
305 361 394 426 rediit
417 365 619 441 Agamemnon
641 381 709 424 cum
732 365 873 426 comitatu

153 450 294 535 Militiae
312 446 442 526 grandis,
465 447 601 526 frugibus
613 457 714 541 'atque
736 448 818 510 cibis.

177 595 301 650 VERBA
319 593 451 650 PRIAMI
468 593 576 649 REGIS
595 595 645 650 AD
657 595 843 651 ,ΗΕΟΠΒΑΜ
860 592 1041 652 REGINAM.

126 702 200 779 Regi
222 703 324 780 regina
347 709 447 762 votum
471 700 603 762 declarat
624 700 761 764 Achillis:

168 786 202 847 ln
224 803 314 848 venas
336 788 416 846 vertit
437 784 516 855 huie,
539 785 661 856 altilia,
686 788 802 857 Venus;
1047 799 1097 847 760

125 870 157 932 Si
180 871 310 932 societur
333 873 361 930 ei
384 877 433 932 tua
456 878 525 932 nata
547 870 706 950 Polyxena,
730 871 858 950 spondet

170 955 314 1017 Cessuros
336 956 433 1034 patria
456 971 548 1034 seque
572 973 701 1035 suosque
722 961 783 1016 tua·

126 1037 179 1100 lllo
203 1039 339 1110 cedente,
364 1057 433 1101 cum
455 1039 492 1100 dc
513 1038 684 1119 potioribus
706 1057 783 1100 unus
837 1049 840 1054 '

170 1124 224 1198 sit,
246 1123 353 1201 reliqui
374 1123 492 1192 cedent,
517 1131 639 1204 totaque
663 1123 740 1185 bella
763 1123 878 1185 cadent.

126 1209 180 1270 Cui
204 1227 272 1268 rex:
297 1226 449 1270 assensum
473 1225 532 1268 non
555 1207 696 1289 praebeo,
719 1225 778 1269 non
800 1212 870 1289 quia
893 1209 945 1272 tali
1045 1219 1094 1270 765
1147 1205 1151 1212 ’

169 1292 234 1354 Non
257 1293 334 1355 bene
357 1294 514 1355 conveniat
535 1294 595 1355 iilia
619 1301 721 1356 nostra
743 1295 822 1365 viro;

125 1377 183 1438 Sed
208 1394 285 1455 quae
307 1379 465 1457 promittit,
489 1377 595 1438 effectu
618 1377 758 1439 claudere
779 1379 890 1448 nescim

167 1461 326 1524 Promissis
350 1462 432 1524 dives
454 1461 581 1542 quilibet
604 1481 670 1524 esse
694 1469 800 1544 potest.

123 1546 179 1615 Hic
202 1547 296 1617 cedat,
321 1547 487 1626 cedantque
510 1549 571 1616 sui;
596 1545 773 1609 cedentibus
794 1546 855 1608 illis

167 1629 274 1691 Graeci
296 1648 356 1692 non
378 1630 500 1701 cedent,
523 1634 647 1711 ipsaque
670 1630 747 1693 bella
769 1640 899 1694 manent.
1044 1643 1094 1694 770

124 1713 208 1774 adde
231 1714 310 1792 quod
334 1722 378 1775 est
399 1717 547 1785 vitiosum,
572 1715 651 1777 hosti
674 1715 793 1777 tradere
815 1724 913 1778 natam
1013 1717 1016 1722 '

168 1797 244 1858 Num
268 1816 361 1876 gener
382 1807 470 1879 aptus
493 1801 551 1860 erit
572 1817 648 1868 cras,
672 1801 812 1861 iuimicus
834 1801 920 1867 herii

126 1880 243 1942 Reddat
264 1889 426 1962 perpetuae
448 1879 519 1944 belli
542 1882 600 1945 duo
622 1901 734 1945 cornua
756 1886 831 1962 paci,

167 1966 288 2042 Virgine
309 1968 354 2026 sic
376 1968 486 2044 poterit
508 1966 544 2026 ad
568 1985 621 2027 sua
643 1977 708 2028 vota
732 1968 803 2028 irai.

212 2111 356 2168 REPERT
374 2112 536 2170 NUNTIUS
554 2113 700 2169 ACHILLI
717 2113 842 2168 VERBA
858 2113 996 2176 Petenti.

122 2218 155 2280 Si
177 2236 235 2279 nox
257 2217 343 2298 longa
367 2218 475 2298 quibus
497 2221 642 2281 mentitur
664 2220 768 2290 amica,
791 2221 927 2300 prolecto
1041 2233 1090 2283 775

164 2302 295 2383 Longior
319 2310 364 2365 est
386 2303 468 2372 nulli,
492 2321 580 2383 quem
603 2301 680 2364 levat
701 2303 753 2365 illa
776 2304 873 2368 modo.

121 2387 232 2449 Noctes
253 2388 405 2450 insomnes
426 2387 529 2449 infelix
553 2386 636 2450 ducit
658 2388 796 2459 Achilles,

165 2470 292 2549 Pervigil
314 2475 432 2534 incusat
453 2472 553 2547 sidera
575 2471 659 2533 tarda
682 2475 781 2542 nimis,

119 2556 157 2616 Et
179 2573 258 2617 nunc
281 2557 426 2618 cantando
447 2550 554 2635 longos
576 2556 720 2618 seducere
742 2558 828 2629 soles,

163 2639 474 2712 Nunc-auscultando,
498 2658 578 2701 nunc
600 2641 757 2702 recitando
780 2643 886 2706 studet.
1038 2653 1088 2706 780
1153 2657 1162 2670 “

120 2723 224 2786 Stabat
245 2725 301 2786 fixa
325 2725 399 2804 dies,
422 2724 574 2805 mediique
596 2726 751 2788 cacumine
773 2727 849 2789 coeli

163 2807 214 2870 Sol
236 2816 318 2869 tenet
340 2818 496 2871 aeteruum
519 2809 725 2890 perpetuando
749 2811 839 2874 diem.

119 2892 274 2954 Accelerat
297 2893 440 2956 famulum
463 2893 664 2956 transmittere
687 2895 785 2958 denuo
808 2897 896 2959 miles

163 2977 204 3038 lle
225 2976 316 3041 verbo
337 2979 450 3041 Priami
470 2981 583 3041 certior
606 2997 671 3042 esse
696 2981 809 3043 volens.
1094 3031 1095 3034 ,

119 3059 210 3140 Cujus
232 3080 406 3142 responsum
429 3066 572 3145 patefecit
592 3072 624 3126 ut
646 3065 767 3127 Hecuba
790 3085 886 3138 servo,
1036 3077 1087 3126 785

161 3145 213 3207 llle
236 3148 331 3208 refert
352 3149 474 3211 domino
496 3148 613 3226 singule
635 3148 725 3210 verba
747 3168 812 3212 suo.

118 3283 321 3294 ῃ

186 3369 243 3418 lb‘l.
263 3367 323 3419 cod.
341 3369 455 3419 Moesia.
524 3369 580 3421 768.
601 3365 680 3418 Ouid.
697 3367 751 3418 Ars
769 3369 862 3434 cml,
881 3371 932 3424 444

308 3434 448 3487 Pollicitis
468 3435 544 3486 dives
558 3435 683 3500 quilibet
702 3450 762 3486 esse
780 3441 879 3502 potest.

118 3502 176 3551 tre.
194 3501 270 3552 nullo
288 3502 373 3558 leret.
392 3502 477 3555 schol.
498 3501 665 3556 consolatur.

168 3591 260 3634 Troilus.
809 3575 812 3582 ,
864 3593 880 3642 'l
