2616 3980
248 227 310 274 XVI
651 215 806 267 Praefatio.

248 367 373 427 sortasse
395 365 514 444 legendi
536 375 621 427 scint:
682 382 686 386 ·

290 450 342 511 lsti
365 469 456 530 quum
480 450 562 512 diros
584 459 686 512 narret
708 452 811 513 adesse
834 451 909 514 duos

291 533 348 595 Sed
373 551 469 612 neque
493 554 551 595 nox
574 534 677 596 didicit
699 534 810 597 nullam
833 539 952 613 patrare
974 541 1106 617 quietem

290 617 445 697 Pugnandi
467 637 561 698 genus
584 621 737 698 egregium
757 628 878 698 patrare
901 625 1033 690 scienter

249 737 416 798 quanquam
433 720 527 782 codex
543 721 697 781 manifeste
713 722 784 782 istas
800 721 888 783 lalsas
903 722 1115 800 productiones
1129 744 1214 805 prae·

249 803 314 872 bet;
338 804 435 866 locum
459 804 481 874 l,
503 801 567 866 582

272 977 278 990 ·
375 907 474 966 Paean
497 904 638 985 oppidulo
661 915 744 967 marc
765 903 816 966 lux
838 905 935 966 stabat
956 907 1060 986 Apollo

249 1005 355 1050 sanare
378 988 526 1050 difficilius
548 997 608 1058 est,
633 991 712 1067 quod
736 989 925 1052 codex‘haec
948 991 1046 1063 verba,
1070 1009 1145 1072 quae
1168 997 1215 1056 vix

248 1072 374 1151 intelligi
402 1082 540 1152 possunt,
576 1074 690 1152 prodit;
728 1074 967 1135 emendationem
995 1077 1087 1155 igitur
1116 1084 1215 1139 tortus

249 1175 309 1217 nou
332 1159 396 1218 ausi
418 1176 529 1226 sumus,
554 1155 880 1238 conjecturam-tamen
902 1159 951 1220 bic

401 1258 498 1319 Paean
522 1258 663 1338 oppidulo
686 1271 773 1321 mane
795 1259 912 1322 lucebat
933 1261 1037 1340 lipollo

249 1368 351 1421 nostro
366 1360 489 1421 Albcrto
512 1359 587 1420 duce
609 1361 640 1421 in
662 1362 721 1422 arsi
738 1361 859 1423 brevem
874 1361 1016 1441 syllabam
1030 1361 1215 1442 producente

251 1442 430 1522 praebemus
451 1446 578 1506 fortasse
602 1462 661 1505 non
684 1445 899 1526 accipiendam,
923 1447 991 1525 quia
1013 1445 1153 1517 „stabat·‘
1169 1465 1214 1507 se·
1288 1439 1289 1522 ᾗ

253 1530 356 1607 quenti
389 1546 476 1588 versu
510 1530 650 1589 iteratum
681 1529 907 1607 profundiorem
937 1547 1057 1590 sensnm
1085 1530 1215 1610 prodere
1288 1533 1289 1558 ³

121 1613 124 1621 ‘
247 1613 376 1676 ridetur.

334 1694 577 1759 Humoeoteleuto
605 1697 666 1776 jam
693 1699 739 1758 usi
762 1704 831 1758 suut
852 1698 978 1760 Romani
1006 1705 1035 1758 et
1057 1704 1159 1758 noster
1182 1705 1216 1758 ut
1248 1743 1253 1752 .
1288 1705 1289 1728 ¹

250 1784 344 1843 ceteri
366 1783 511 1843 neoterici
532 1797 569 1842 ‘eo
592 1799 652 1842 non
675 1781 823 1843 abstinuit.
880 1781 939 1842 Res
962 1799 1052 1861 quum
1074 1788 1144 1841 nota
1167 1783 1214 1851 sit,
1285 1729 1289 1838 l

250 1886 315 1928 eam
338 1867 481 1929 mittimus
504 1874 535 1927 ct
557 1867 690 1947 exempla
714 1865 881 1928 exscribere
904 1866 1051 1926 nolumus.
1098 1864 1215 1942 insigne

249 1951 341 2031 hujus
363 1971 435 2012 usus
458 1950 627 2030 exemplum
650 1953 799 2013 invenitur
819 1952 848 2012 in
863 1951 995 2012 carmine
1010 1949 1141 2027 elegiaco
1157 1948 1215 2019 „de

251 2034 365 2098 excidio
388 2035 517 2114 Trojae“
547 2036 626 2115 quod
654 2035 766 2116 Lcyscr
794 2035 910 2112 (histor.
938 2040 1017 2114 po'et.
1047 2033 1125 2093 med.
1154 2035 1216 2093 aevi

249 2135 281 2197 p.
304 2114 377 2191 398)
402 2117 575 2178 Hildeberto
598 2119 767 2178 Turonensi
797 2122 953 2197 episcopo.
984 2121 1036 2196 qui
1060 2114 1142 2178 1132
1171 2116 1217 2177 vel

252 2197 334 2262 1136
363 2198 449 2271 obiit,
476 2199 595 2267 tribuit,
619 2199 757 2276 quodque
780 2207 904 2276 propter
927 2199 1051 2257 sormam
1075 2207 1104 2256 et
1125 2208 1217 2258 matc-
1288 2265 1289 2270 .

253 2288 327 2346 riam
352 2283 430 2343 lectu
453 2301 513 2343 non
535 2280 692 2358 indignum
716 2280 790 2341 calci
812 2279 901 2359 liujus
923 2278 993 2339 libri
1015 2275 1214 2357 adjunximus.
1288 2347 1289 2362 q

252 2369 294 2429 lle
317 2369 455 2428 universa
470 2385 503 2426 re
519 2366 640 2425 metrica
658 2365 878 2425 neoterieorum
894 2363 1042 2424 Lucianus
1059 2362 1215 2435 Mullcrus,
1288 2371 1289 2380 ’

251 2453 302 2530 qui
325 2453 446 2530 egregie
467 2450 504 2510 de
526 2446 577 2508 illa
600 2450 669 2527 egit,
693 2447 894 2509 consulendus
917 2455 970 2507 est.

336 2553 463 2612 Carmen
485 2548 663 2630 praebemus
686 2549 825 2608 adhunc
848 2565 941 2626 usque
964 2547 1042 2609 diem
1057 2548 1214 2618 ineditum,

253 2636 337 2715 cujus
359 2642 474 2695 tantum
498 2635 556 2696 duo
579 2635 741 2710 fragmenta
765 2633 791 2693 J.
809 2633 842 2693 F.
860 2631 1064 2710 Heusingerus
1087 2633 1116 2692 in
1139 2630 1216 2692 libro

252 2720 296 2780 Fl.
312 2717 404 2780 Mallii
418 2717 568 2780 'lbeodorl
590 2718 627 2779 de
642 2720 746 2778 metris
762 2716 865 2798 (bugd.
880 2717 981 2780 Batav.
1000 2713 1090 2796 1766)
1107 2734 1136 2793 p.
1156 2712 1218 2776 114
1288 2793 1289 2798 ¹

252 2803 356 2864 -117
380 2802 492 2883 publici
512 2801 589 2881 juris
609 2803 730 2872 lecerat,
754 2819 829 2882 quae
852 2801 1018 2878 fragmenta
1041 2819 1075 2860 cx
1091 2799 1217 2860 Heusin-
1288 2827 1289 2832 .

252 2907 324 2967 gero
362 2907 378 2948 a
415 2888 588 2949 Staveronio
627 2887 666 2965 (in
703 2887 832 2947 editione
870 2883 1000 2946 Cornelii
1032 2885 1154 2965 Nepotis
1180 2883 1215 2956 ll,
1288 2939 1289 2948 ,

115 3018 119 3032 .
251 2992 282 3052 p.
310 2969 373 3035 385
397 2972 489 3052 sqq),
524 2971 726 3032 Wernsdorlio
758 2971 846 3051 (poet.
876 2972 982 3030 minor.
1015 2969 1076 3029 Lat.
1106 2969 1140 3028 T.
1168 2964 1215 3034 lV‚

124 3110 126 3113 .
251 3077 297 3139 p„
319 3053 407 3137 596),
445 3055 556 3118 Eberto
594 3054 890 3135 (Ueberlielerungen
923 3055 977 3116 Bd.
1009 3053 1035 3123 1,
1074 3072 1102 3130 p.
1134 3047 1215 3130 188),

252 3143 497 3203 Schoenemanno
514 3139 821 3220 (Merkwbrdiglreiten
837 3137 859 3209 l,
875 3158 904 3218 p.
923 3135 962 3199 15
977 3156 1024 3197 nr.
1041 3133 1122 3210 111),
1140 3135 1216 3213 Lap-

252 3225 417 3306 penbergio
447 3227 487 3305 (in
515 3224 699 3304 praelatione
722 3224 872 3285 annalium
895 3222 1008 3286 Alberti
1031 3215 1128 3303 [Perta
1151 3239 1214 3280 mu·
1288 3299 1289 3302 Ἴ

252 3328 335 3372 num.
358 3310 458 3372 Germ.
482 3309 560 3377 XVI,
591 3327 620 3387 p.
643 3304 706 3369 272
720 3307 809 3389 sq.]),
836 3306 1015 3376 Dederichio
1039 3305 1079 3384 (in
1102 3304 1217 3365 Daretis
1288 3349 1289 3358 .

254 3394 383 3456 editione
403 3395 490 3456 Bonn
511 3390 593 3456 1835
615 3395 740 3472 praelat.
763 3392 854 3472 pv),
877 3389 944 3470 loly
968 3387 1008 3469 (in
1030 3387 1217 3469 praelatione

255 3478 290 3540 ad
308 3477 511 3559 Benedictum)
535 3477 721 3559 promulgate
743 3485 820 3538 sunt.
857 3473 981 3555 Reliqua
1004 3482 1122 3555 praeter
1136 3472 1217 3534 lleu-
