2616 4000
197 171 263 236 200

200 326 277 388 Dum
302 327 381 388 videt
396 327 476 390 huuc
491 345 605 397 sanum,
630 329 700 390 dum
717 329 822 397 virum,
846 328 977 406 dumque
994 328 1152 390 decentem

242 411 386 481 Extrahit,
410 411 570 490 adspectat,
595 411 696 481 nutrit,
719 411 972 492 adoptat,·habet.
1131 421 1170 471 30

97 529 130 548 .·
200 495 258 566 Qui
280 493 409 576 pastoris
432 515 502 558 oves
522 505 622 575 pastor
645 495 713 557 dum
737 499 831 580 pascit
853 495 987 558 adultus:

136 607 143 624 1
242 581 427 642 Conveniunt
449 581 485 641 ad
508 599 575 642 eum
599 581 687 654 Juuo,
710 580 849 650 Minerva,
875 581 981 642 Venus·

202 664 348 727 Iudicium
372 666 489 727 Paridis
510 684 586 747 quae
609 667 647 727 sit
669 663 871 744 pulcherrima
892 673 1050 745 quaerunt,

245 751 425 812 Promittuut
447 752 537 811 etiam
561 768 683 811 munera
707 768 842 829 quaeque
864 768 926 810 sua.

202 835 281 895 duno
303 833 411 900 decus:
434 835 532 896 Pallas
553 835 645 904 vires3
670 833 813 913 Cytherea
836 834 978 914 puellam:
1130 843 1166 892 35

244 919 303 980 Sed
325 921 433 980 Veneri
457 919 562 980 tribuit
584 922 713 988 vincere,
737 921 832 979 victus
854 938 899 980 ea.

202 1003 264 1064 Rex
285 1003 444 1082 aliquando
468 1004 570 1066 videns
592 1004 671 1064 leuno
694 1001 792 1070 talem.
818 1012 876 1064 tam
899 1002 1076 1081 speciosum,

244 1087 318 1148 Tam
340 1107 460 1168 quoque
483 1089 678 1160 consimilem,
702 1089 835 1168 concipit
858 1105 923 1148 esse
944 1103 1040 1146 suum.

202 1172 335 1252 Remque
357 1173 488 1250 probans
512 1191 611 1234 veram
633 1191 689 1251 per
710 1190 812 1232 servos
836 1190 904 1232 vera
925 1173 1053 1232 latentes

245 1257 402 1317 Germanis
424 1257 560 1318 Paridem
583 1257 683 1318 reddit
704 1255 817 1317 honore
841 1274 952 1336 parem.
1136 1265 1173 1312 40

204 1341 317 1402 Ductus
339 1358 441 1402 amore
463 1349 557 1420 pater,
581 1339 626 1401 vel
650 1342 752 1402 matris
774 1343 887 1402 somnia
910 1341 991 1402 ducit

246 1425 336 1493 Vana,
359 1423 404 1486 vel
427 1427 459 1485 in
481 1423 586 1486 melius
608 1433 725 1485 vertere
747 1442 816 1486 vera
838 1427 948 1486 studet.

204 1510 251 1570 Sic
274 1527 372 1588 neque
395 1509 562 1578 consilium,
587 1527 765 1589 meceres,
789 1527 886 1590 neque
907 1514 990 1590 regia
1013 1509 1118 1578 virtus,

244 1593 306 1655 Nec
329 1596 441 1672 superi,
465 1594 641 1664 cochomo,
666 1603 782 1656 vertere
805 1594 863 1655 lata
887 1595 993 1658 valent.

204 1679 261 1740 Sed
284 1678 403 1740 laudata
426 1680 522 1739 Venus
544 1678 661 1758 culpam
683 1697 739 1758 pro
762 1678 850 1740 laude
871 1681 1058 1759 rependens:
1137 1687 1172 1736 45

248 1763 331 1824 Hunc
354 1761 463 1832 monet,
486 1764 567 1825 hunc
588 1765 679 1842 angit,
703 1763 783 1824 hunc
806 1772 918 1824 cremat
940 1767 1009 1843 igne
1032 1781 1119 1828 nono.

204 1847 300 1918 Qrddl
322 1847 406 1908 Pari!
429 1848 500 1925 quid
523 1856 618 1908 mutas
640 1849 753 1926 pariter
775 1866 843 1909 cum
866 1849 957 1910 corde
979 1845 1133 1909 colorem?

246 1933 297 1993 Sic
320 1939 386 2002 stat,
410 1933 454 1992 sic
477 1933 616 2010 loquitur,
640 1935 684 1993 sic
706 1931 866 1994 meditatur
890 1951 1001 1994 amans.

203 2017 245 2076 'le
268 2015 393 2078 Veneris
416 2018 559 2096 promissa
583 2023 712 2086 movent,
736 2016 926 2094 Helenaeque
949 2023 1097 2086 venustas

246 2100 340 2171 Quam
363 2117 419 2178 pro
443 2101 530 2162 laude
552 2100 606 2162 tibi
629 2101 681 2162 sed
704 2103 768 2161 sine
791 2100 878 2162 laude
902 2102 994 2163 dabit.
1136 2110 1171 2160 50

204 2185 246 2248 Te
270 2187 361 2246 movit
383 2196 412 2247 et
434 2187 549 2264 species
573 2193 600 2245 et
623 2203 697 2265 apex
721 2194 751 2246 et
772 2187 904 2263 sanguis,
928 2195 957 2248 et
979 2195 1068 2254 aetas,

248 2269 308 2330 Neo
331 2279 438 2339 movet,
460 2271 551 2330 immo
566 2270 662 2348 ligat5
684 2287 739 2330 nec
760 2270 842 2346 ligat,
865 2275 957 2333 immo
980 2269 1082 2332 trahit.

204 2349 287 2414 llanc
309 2355 410 2431 cupis,
432 2355 509 2414 hauc
531 2355 632 2424 ardes,
655 2355 732 2416 hanc
755 2373 877 2434 prorsus
900 2357 1018 2434 quaeris
1041 2353 1169 2416 habere:

247 2437 339 2508 Quam
362 2438 419 2507 lex,
444 2458 531 2518 quam
553 2439 657 2508 Danai,
680 2457 769 2517 quarn
793 2439 846 2501 tibi
870 2441 929 2500 lata
951 2437 1069 2517 negant.

205 2522 266 2582 Cur
288 2521 446 2601 conjuncta
469 2526 534 2584 viro
556 2522 684 2584 mulier?
707 2526 864 2602 corcagia
888 2523 1014 2603 conjux?
1137 2533 1172 2582 55

248 2607 307 2667 Gur
330 2609 432 2685 ignota
454 2607 606 2672 tuislcur
629 2606 683 2669 tibi
706 2607 818 2670 Graeca
841 2607 955 2686 placet?

205 2693 264 2752 Cui·
285 2708 346 2750 nou
368 2699 452 2770 grata
475 2691 530 2753 tibi
552 2693 651 2770 potius
674 2692 865 2770 virguncula?
888 2712 943 2753 cur
966 2709 1025 2752 non

247 2775 313 2856 lpsa
337 2776 443 2850 Venus,
468 2795 543 2856 quae
567 2786 595 2837 te
614 2776 714 2857 judice
736 2777 858 2856 pulchra
882 2778 957 2838 luit?

205 2862 264 2922 Cur
286 2861 329 2920 sic
352 2860 515 2940 degeneras
537 2869 617 2922 totus
639 2870 798 2940 generatus
819 2863 850 2921 iu
873 2862 982 2923 armis?

249 2943 291 3004 Ne
313 2944 356 3004 sio
378 2945 557 3024 degenerem
581 2946 718 3007 Hectoris
741 2955 804 3006 esto
827 2964 951 3007 memor.
1138 2955 1172 3007 60

206 3029 311 3090 Nonne
335 3031 426 3090 miser
448 3040 569 3108 reputas
592 3029 780 3091 miserabile?
803 3047 902 3091 nonne
924 3031 1083 3111 pudorem:

139 3117 141 3122 ’
249 3112 290 3172 Te
312 3113 409 3174 solum
431 3113 562 3182 Veneris,
587 3113 713 3176 Palladis
737 3133 801 3176 esse
825 3116 911 3178 tuos?

207 3196 298 3257 Cedat
319 3197 417 3259 mollis
440 3217 523 3259 amor
544 3202 658 3278 patriae
682 3201 797 3260 virtutis
819 3217 929 3264 amore.

249 3281 428 3343 Hectoreum
452 3283 572 3343 fratrem
597 3285 735 3344 nonnisi
760 3285 816 3345 tela
839 3285 954 3344 decent.

207 3366 437 3446 Ergoesequens
460 3371 575 3428 animos
598 3370 731 3437 animosi¹
747 3370 848 3428 lratris
871 3379 900 3428 et
921 3387 1015 3428 arma:

255 3450 339 3521 Quod
364 3455 446 3531 cupit
467 3451 537 3512 illud
561 3471 635 3523 ama,
660 3453 738 3532 quud
760 3455 833 3514 lacit
856 3452 926 3514 illud
950 3471 1013 3530 age.
