2616 4000
194 203 264 267 20ss

203 361 235 418 Vi
259 359 443 434 tempestatis
465 359 556 417 sociis
580 356 635 416 tibi
659 359 820 417 rarificatis

246 443 297 502 Vel
319 443 418 520 rapuit
439 441 507 501 latis
529 442 680 519 perlaeta
704 440 789 520 longa
813 443 905 503 Paris.

209 527 435 606 egrediensque
458 529 554 594 laetis,
578 543 635 604 qua
659 526 754 596 sedes,
778 535 861 604 parta
885 527 994 604 quietis
1122 535 1202 590 265,

244 610 386 672 Cursibus
409 609 535 690 expletis
557 629 573 671 a
596 613 731 688 sapiente
754 613 840 687 petie.
997 619 999 624 ’

201 695 324 774 Hospita
348 696 493 762 Cumanis,
516 693 694 773 impulsibus
717 703 781 756 aeta
805 696 949 773 profanis,

245 780 346 840 Debita
369 779 505 858 Trojanis
527 781 585 839 lata
609 777 720 859 Sibylla
744 783 840 839 canis:

201 864 317 933 Quanta
339 874 445 944 parant
467 863 568 933 Rutili,
592 881 680 942 quam
702 864 797 942 gloria
820 872 922 942 surgat
943 863 1013 934 Juli,

244 945 300 1017 Qui
322 967 427 1028 regum
452 949 529 1009 tituli
550 965 703 1028 regnaque
729 950 779 1028 qui
801 949 915 1029 populi.
1116 959 1169 1009 260

201 1033 281 1111 Ergo
304 1033 459 1094 damnatae
482 1051 534 1110 spe
557 1034 661 1093 llrmus
683 1031 757 1093 lidus
779 1033 930 1102 Achatem,

247 1118 409 1197 Hesperiae
431 1115 507 1177 latae
530 1117 627 1178 tendis
649 1118 679 1178 iu
703 1135 771 1178 aava
794 1127 869 1178 rate.

200 1201 331 1263 Plurima
355 1200 431 1262 bella
454 1204 544 1279 geris,
568 1200 623 1262 tibi
646 1209 707 1262 tum
730 1203 794 1263 loca
818 1201 916 1262 debita
940 1205 1060 1278 quaeris
1258 1207 1269 1248 ⁸

244 1287 302 1347 Sed
327 1287 421 1347 fretus
443 1288 561 1364 superis
584 1286 668 1347 obvia
691 1303 837 1366 quaeque.
851 1287 924 1347 teris

201 1369 321 1431 Turnus
345 1378 376 1430 ut
398 1371 494 1430 elatus
516 1369 570 1429 titi
593 1372 652 1432 lata
676 1374 794 1450 tuisque
817 1371 947 1432 minatus
1115 1379 1167 1432 266

244 1453 391 1517 Oecu'buit
412 1463 529 1524 stratus
554 1454 624 1516 dum
648 1456 725 1515 lodis
749 1474 820 1516 ense
842 1456 926 1516 latus.

204 1541 263 1602 Pro
287 1558 343 1619 qua
366 1547 497 1602 certatur
519 1539 573 1601 tibi
596 1539 677 1618 regia
700 1543 784 1618 virgo
807 1541 933 1607 dicatur,

242 1624 363 1704 Paxque
385 1626 577 1695 reformatur,
601 1623 671 1685 dum
693 1624 747 1685 tibi
770 1634 860 1704 nupta
884 1624 981 1685 datur.

114 1725 117 1735 “
203 1710 282 1771 Hine
303 1716 522 1789 processerunt,
546 1711 597 1789 qul
619 1709 743 1769 Romam
767 1711 997 1778 constituerunt,

245 1793 396 1866 Quidum
421 1793 497 1854 bella
520 1801 637 1871 gerunt,
661 1792 748 1852 fortia
772 1811 907 1873 quaeque
929 1802 1038 1854 terunt.
1120 1803 1172 1854 270

159 1878 163 1886 '
201 1879 238 1939 Et
260 1877 313 1937 tihi
337 1878 473 1940 lecerunt
495 1895 603 1938 nomen
626 1876 705 1954 quod
729 1880 758 1938 iu
781 1887 861 1938 astra
883 1877 1026 1945 tulerunt,

244 1963 291 2032 Ut,
315 1965 366 2044 qui
388 1966 574 2042 seripserunt
596 1964 720 2042 pristina
744 1972 835 2038 gesta,
860 1962 975 2032 lerunt3

201 2048 353 2128 Romaque
377 2049 560 2124 turrigerum
583 2056 670 2125 caput
693 2046 776 2106 elluit
798 2050 925 2107 maxima
949 2065 1050 2107 rerum

244 2133 316 2193 Tam
340 2132 418 2192 dono
441 2149 583 2210 superum
606 2149 694 2206 quam
717 2132 821 2192 studiis
844 2147 1032 2208 procerum·

206 2217 256 2276 Sic
279 2235 314 2277 ex
336 2219 434 2278 Aenea
458 2223 599 2276 crescunt
620 2217 756 2277 Romana
779 2215 921 2294 trophaea
1118 2223 1169 2273 226

245 2301 294 2361 Sic
316 2317 390 2378 gens
412 2301 552 2362 Rotnulea
577 2302 671 2376 surgit
693 2300 730 2381 ab
755 2299 907 2361 Hectorea.
