2616 3980
998 138 1080 238 ‘a

111 328 289 392 assumserrt
304 335 334 389 et
349 324 515 405 subJubgrt
540 334 703 410 ‚sertaque
719 334 799 388 ete.“
821 325 1016 389 ltaerebamt
1003 335 1079 389 tem·

111 431 188 495 pore
218 399 307 492 longo
334 408 481 490 pendulus
510 417 539 471 et
567 397 674 472 dubius
700 428 759 489 quo
781 413 880 490 potius
902 429 1028 473 numero
1051 422 1081 475 et

112 506 210 560 metro
226 514 275 560 res
298 515 331 558 ea
354 513 408 557 seu
429 497 554 556 materia
578 497 727 565 transiret,
750 497 877 557 maxime
901 515 967 557 oum
991 515 1080 577 quae·

113 582 188 645 libet
215 600 290 644 nova
319 600 369 644 res
402 586 526 660 propter
560 580 675 641 invidos
704 588 835 642 transeat
862 581 1024 644 difficulter
1052 591 1081 644 et

113 669 225 816 ena2ni4
234 675 360 748 propter
396 665 470 727 alios
499 665 664 764 auditores,
700 666 778 727 unde
806 665 946 728 Horatius
975 663 1023 750 [A.
1046 668 1079 728 P

111 772 129 811 v

177 749 415 915 Legitimumque
437 853 543 896 sonum
566 835 665 912 digitis
688 832 830 897 callemus
852 843 882 896 et
904 833 1005 916 aure¹)

114 931 145 983 et
167 921 253 1002 paulo
275 928 344 982 ante
368 919 407 1002 [v.
432 915 503 980 104.
529 916 604 1000 105]

557 1003 680 1064 malasi
703 1003 840 1064 mandata
863 1004 995 1082 loqueris

180 1092 239 1151 Aut
260 1087 436 1160 dormitabo
461 1095 511 1150 aut
532 1087 647 1149 ridebo

200 1174 235 1236 lu
257 1174 314 1235 hoe
337 1191 456 1255 quoque
480 1174 574 1250 tangit
597 1180 701 1234 auctor
730 1174 760 1233 in
784 1175 921 1252 proemio
944 1193 1012 1236 eum
1036 1159 1078 1235 di·

114 1262 171 1320 cit:
200 1268 250 1329 „et
278 1275 396 1338 semper
424 1275 498 1320 nova
521 1275 570 1318 res
593 1258 687 1337 tangit
709 1264 738 1318 et
760 1256 875 1319 invidos
898 1261 950 1338 qui
973 1267 1080 1320 cuncta

114 1362 191 1423 quae
218 1342 344 1406 audiunt
370 1351 420 1405 aut
441 1340 640 1413 subsannant,
670 1351 720 1404 aut
743 1344 933 1423 supprimunt
955 1350 1006 1404 aut
1027 1343 1079 1404 de·

113 1435 253 1509 prevent:
277 1429 350 1489 dieit
371 1445 494 1506 nempe:
522 1426 597 1488 livor
619 1429 699 1488 iners
722 1434 778 1488 ete.
823 1427 935 1488 Deinde
959 1436 1081 1489 excusat

116 1531 149 1574 se
180 1514 216 1574 de
244 1521 341 1575 metro
370 1515 431 1572 sive
458 1519 646 1592 pentametro
674 1511 792 1582 dicens,
827 1512 905 1591 quod
930 1511 981 1574 tali
1003 1513 1081 1592 pede

113 1600 222 1659 merito
244 1597 337 1659 soribi
359 1595 489 1659 debeant
511 1595 584 1658 tales
607 1599 745 1658 miserias
766 1597 806 1658 ita
830 1595 1027 1659 concludens:

512 1689 595 1760 gesta
618 1683 785 1743 miserrima
808 1680 908 1742 scribo

178 1765 213 1826 Et
235 1773 350 1844 strages
371 1767 496 1828 miseras
520 1772 579 1827 etn'

183 1966 211 2034 1)
229 1973 334 2020 noster:
354 1984 446 2024 aures.
