2616 3980
175 151 249 216 ·24
529 153 593 208 Lib.
610 155 631 207 1.
667 169 691 204 v.
708 154 852 205 tot-434.

245 281 326 368 ⁴liet!
349 305 437 368 decet
457 313 498 375 ut,
521 307 598 366 vires
622 307 778 384 experiare
800 269 895 366 tuas.x

175 463 181 466 ,
206 391 354 468 ΙΙὶοοηι
376 409 431 469 pro
453 390 598 467 militibus
620 408 680 450 non
704 390 835 468 segniter
857 393 903 451 ire
1125 401 1187 450 405

248 477 409 537 Paeoniam
431 473 568 535 Paridem
592 473 837 554 Deiphobumque
857 473 951 554 jubet.

299 621 456 677 Ducibus
473 621 709 678 RECITANTUR
727 620 845 676 GESTA
862 621 1080 677 ANTENORIS.

207 729 246 791 Ut
268 731 355 790 tieret
376 745 480 789 rerum
504 725 621 788 collatio
645 726 742 804 digna,
766 727 848 787 citati

249 814 283 874 ln
308 820 424 873 coetum
448 814 571 872 veniunt
593 829 664 889 rege
687 810 810 872 iubente
833 811 935 873 duces.

209 895 367 976 Subjeetos
390 904 462 957 natu
484 895 650 974 majoribus
673 913 738 956 esse
761 896 892 957 minores

249 980 383 1050 Mandat;
407 982 569 1042 honestatis
592 980 659 1050 lert,
684 983 732 1050 ait,
757 978 807 1039 illa
829 978 906 1043 liber
1121 992 1181 1042 410

41 1057 50 1074 ²
148 1145 150 1148 Ι
204 1067 379 1146 Importuna
402 1067 499 1125 minor
522 1082 582 1126 noo
607 1065 713 1124 sentiat
735 1097 786 1134 —-,
810 1065 897 1126 ambo
920 1065 1068 1145 superbos

249 1150 380 1212 Solertes
402 1150 541 1211 studeant
563 1149 685 1210 exiliare
709 1150 826 1209 modos:

205 1237 311 1314 iungat
333 1237 460 1306 amicitia
484 1236 590 1302 socios,
614 1241 770 1296 consumat
792 1233 935 1295 honestus

247 1320 285 1380 Et
307 1319 384 1380 hene
408 1317 500 1379 dulcis
522 1337 605 1380 amor
627 1319 657 1378 in
681 1319 807 1398 paritate
830 1336 926 1396 pares.

208 1405 264 1475 Qui
287 1405 403 1484 positus
426 1403 517 1464 luerit
540 1405 711 1481 capitaneus
733 1402 880 1472 omnibus,
904 1421 963 1464 una

249 1489 282 1550 ln
305 1501 463 1550 commune
486 1486 582 1547 bonus
604 1490 642 1546 sit
663 1485 782 1548 socialis
804 1487 905 1546 herus.

204 1574 322 1635 Primus
343 1575 425 1634 iussa
447 1572 538 1641 lerat;
563 1579 632 1632 tuno
655 1569 861 1631 observantior
884 1573 971 1651 aequi

248 1659 295 1718 Fit
316 1657 453 1737 populun,
476 1656 586 1735 populo
609 1664 690 1734 grata
712 1664 815 1735 parata
841 1673 954 1716 manus.

54 1785 55 1788 κ
101 1787 102 1792 1
180 1785 181 1788 κ
206 1741 362 1821 Dapsilitas
385 1743 472 1802 etiarn
495 1743 560 1818 regi
582 1740 736 1822 praeclara
759 1739 900 1800 monebat

248 1826 383 1904 Nomina,
407 1828 433 1886 si
457 1843 508 1887 sua
532 1824 582 1884 dat
604 1826 690 1885 xenia
713 1832 811 1884 mente
834 1826 905 1892 eito;

44 1931 48 1938 ’
143 1953 160 1996 ‚⁴
208 1907 354 1988 Denigrat
374 1911 513 1971 meritum
537 1909 635 1970 dantis
658 1926 751 1978 mora,
776 1908 913 1986 laetaque
935 1909 1043 1986 raptim

247 1996 352 2057 Omnia
374 1993 441 2074 plus
463 1992 559 2055 laudis
579 1993 706 2073 plusque
728 1994 842 2054 favoris
865 1991 985 2054 habent.

205 2079 363 2148 Exhibeat,
388 2080 558 2158 quicunque
581 2080 668 2156 regit,
693 2077 871 2139 documenta
895 2078 1020 2148 laveris;

248 2163 295 2225 Nil
317 2161 394 2222 valet
416 2163 464 2222 hic
487 2171 594 2233 terror,
618 2161 687 2241 plus
709 2167 825 2243 optatus
847 2181 940 2222 amor.

206 2247 263 2319 Qui
286 2255 388 2316 terret,
412 2245 480 2326 plus
502 2247 566 2325 ipse
588 2248 687 2315 timet;
711 2264 776 2308 sors
798 2248 855 2307 ista
880 2248 1013 2326 tyrannis

250 2333 404 2401 Convenit,
428 2332 458 2391 in
482 2332 570 2392 sociis
593 2330 668 2391 absit
689 2339 721 2390 ut
743 2331 807 2400 ista,
831 2338 946 2392 sonent.

173 2413 178 2422 '
206 2419 308 2494 Agnus
331 2416 360 2475 in
384 2415 521 2493 hospitiis
544 2423 573 2474 et
595 2418 633 2475 sit
653 2413 703 2476 leo'
723 2415 809 2476 miles
832 2418 863 2486 in
887 2418 987 2482 armis,

248 2501 407 2579 Nunquam
431 2498 553 2560 virtutes
575 2500 691 2561 intonet
713 2501 775 2580 ipse
798 2503 875 2560 suas.

207 2586 232 2647 Ο
255 2602 398 2663 proceres
420 2585 501 2645 scitis
524 2585 602 2662 quod
625 2585 662 2644 sit
683 2586 747 2646 sine
769 2584 885 2644 vindice
908 2581 996 2662 longo

159 2723 162 2748 ,
248 2675 269 2730 Α
294 2669 416 2730 Graecis
438 2674 508 2728 trita
531 2670 627 2748 patria
650 2676 750 2730 nostra
773 2668 893 2747 probro.

123 2793 124 2796 =
205 2757 338 2816 Antenor
361 2755 507 2832 quaesivit
529 2751 565 2812 ab
588 2753 635 2814 his
656 2755 852 2814 transmissus
874 2761 904 2813 et
926 2772 942 2812 a
965 2771 1023 2822 me,

249 2836 364 2898 Vellent
386 2837 510 2898 emenda
534 2839 560 2898 si
583 2839 697 2898 variare
720 2837 841 2917 probra.

205 2922 270 2992 llic,
294 2920 375 2984 velut
397 2940 412 2981 a
436 2920 524 2982 nobis
547 2931 711 3001 acceperat,
735 2924 834 3000 arguit
856 2923 949 3000 Argos

250 3003 400 3087 Expositis
422 3005 524 3085 spoliis
547 3007 729 3086 interituque
746 3008 861 3086 ·patris;

205 3125 410 3136 m..-

273 3177 333 3227 417.
353 3173 501 3226 claudiani
525 3180 567 3224 est
591 3175 627 3225 ad
642 3177 682 3226 IV
704 3189 778 3229 cons.
803 3174 904 3225 Honor.
923 3175 981 3224 296.
1002 3175 1043 3226 et.
1112 3176 1176 3225 419,

207 3259 241 3295 ex
266 3243 404 3308 margine,
429 3241 490 3292 eod.
509 3245 648 3294 monebat.
716 3245 775 3292 420.
794 3257 828 3292 ex
845 3243 981 3306 margine,
1004 3257 1052 3306 pro
1071 3241 1177 3304 „xlmis

205 3311 323 3360 mente“.
392 3312 451 3363 430.
472 3325 486 3359 e
509 3311 632 3375 margine
650 3325 698 3374 pro
717 3308 821 3359 codicis
839 3308 902 3359 t’ra.
971 3310 1031 3360 432.
1050 3307 1177 3360 emendo.

205 3378 372 3496 {apotactim
392 3377 485 3428 differt
504 3393 521 3428 a
539 3377 648 3440 mulcta,
666 3391 738 3440 quae
747 3373 846 3438 jodici,
867 3375 971 3427 emend.
991 3377 1064 3441 perti
1077 3376 1176 3427 laesae

224 3461 293 3495 aur.
