2616 4000
438 201 500 250 Lib.
519 201 564 254 VI.
601 217 625 253 v.
643 201 787 256 uer-550.

132 350 213 414 Urbs
236 370 287 413 res
310 351 451 419 declarat,
475 351 526 412 obi
548 350 738 412 fundamenta
761 349 875 412 locarat

178 436 317 498 Phoebus
340 444 370 496 ei
392 442 505 515 opturet
528 437 653 509 moenis,
678 453 780 496 vomer
801 445 874 497 oroi.

131 519 229 582 Nemo
252 519 309 581 sibi
331 529 436 599 ponat:
461 523 491 580 in
515 519 618 580 mundi
640 520 714 580 liure
737 520 887 589 vivamus:

177 605 268 684 capta
291 604 374 664 vides
395 621 463 664 sero
485 604 639 679 Pergama,
663 609 749 680 euplo
770 613 880 664 tenreu.

282 737 286 748 '
346 721 347 726 ‘
384 749 666 820 [rumunnense
687 749 847 819 onemo]

132 855 209 917 Orio
231 855 292 916 sule
315 854 407 915 duces
428 858 631 930 Agamemnon
652 855 682 914 in
706 871 774 914 erce
797 855 946 915 Minervae
1051 865 1101 914 525

179 939 326 1000 Conv'uool
348 945 376 997 ei
399 936 486 998 verbs
509 938 646 1016 protinus
668 941 723 998 isio
746 938 836 999 levor:

134 1023 288 1092 Gielulur,
312 1041 329 1082 u
351 1024 507 1100 proceres!
530 1024 598 1102 quis
622 1040 677 1086 nos
699 1021 756 1083 buo
773 1023 838 1094 ‚bne
860 1020 979 1082 labores

179 1106 351 1177 Cluusimus,
375 1107 499 1167 interius
521 1107 632 1184 ubsque
655 1105 758 1166 labore
781 1124 897 1168 sumus:

132 1193 220 1252 'l‘rmu
242 1190 498 1269 benepugnolur,
523 1208 590 1250 eum
613 1209 671 1268 pes
692 1189 853 1268 pugnando
876 1196 1006 1270 peretur,

179 1272 328 1337 Nobilium
352 1275 428 1334 buna
447 1273 559 1352 proelio
582 1291 655 1354 poue
678 1273 762 1335 mela.
1051 1285 1103 1334 530

133 1361 299 1420 Fortunam
322 1357 433 1418 Priami
455 1360 583 1418 cantavit
604 1355 693 1436 Trujs
716 1357 824 1418 diebus

178 1439 324 1509 Pluribus,
348 1448 378 1501 et
399 1447 500 1502 nostro
523 1440 628 1502 dissuit
650 1459 714 1502 usse
738 1449 846 1511 metus,

121 1527 222 1602 ¹Unde
245 1528 300 1586 viri
323 1525 421 1586 medio
444 1525 618 1586 ceciderunt
639 1531 784 1604 tempure,
807 1534 918 1588 terrem

181 1611 331 1687 Sanguine
354 1610 404 1687 qui
427 1609 509 1669 rubis
533 1608 609 1669 bano
631 1626 777 1687 peperere
799 1627 870 1678 suu;

135 1692 261 1756 Suiliuei
282 1693 426 1753 Aeacides
449 1710 515 1753 uum
539 1691 677 1752 Patroclo
700 1693 865 1762 Diomedes,
1052 1703 1103 1751 555

180 1775 296 1857 Quique
319 1779 404 1854 prior
428 1777 515 1836 linxit
537 1774 739 1837 Prolbesiluus
761 1775 894 1837 humum.

134 1859 221 1921 illulti
243 1862 295 1940 qui
317 1878 473 1920 numerum
497 1863 641 1929 vicerunt,
664 1860 706 1920 ule
731 1859 894 1930 Quiritum!

181 1943 324 2005 Fusiibus
347 1953 377 2004 et
399 1943 504 2022 gladiis
523 1945 573 2022 qui
596 1947 715 2023 periere
737 1943 898 2024 Phrygum.

134 2028 263 2090 Nomine
287 2035 452 2106 praetereo,
475 2028 647 2088 Prolenuris
669 2027 895 2106 dotiluebique3

181 2113 227 2172 lle
249 2119 374 2172 cunutus
396 2111 535 2189 prohibet
557 2129 733 2172 enumerare
757 2112 851 2172 dolor.
1053 2122 1105 2170 540

137 2196 199 2258 Sed
222 2214 320 2276 neque
342 2193 520 2272 multiplices
542 2202 710 2256 nostrorum
734 2213 872 2274 promere
894 2202 1006 2257 mortes

180 2280 253 2341 Cum
277 2278 401 2340 totidem
425 2279 536 2356 linguis
558 2289 626 2338 sunt
648 2280 719 2340 satis
741 2299 793 2340 uro
815 2280 928 2340 decem.
1028 2291 1033 2298 ‘

133 2359 184 2426 Nil
206 2364 281 2423 odeo
305 2365 424 2424 luriuno
447 2365 543 2438 gravis
565 2363 735 2424 miserabile
757 2361 838 2432 fecii,

180 2447 217 2508 Ut
238 2448 373 2508 minuunt
397 2445 476 2508 nulle
499 2448 605 2524 gaudio
628 2465 701 2526 paee
725 2447 843 2509 molum.

133 2529 248 2592 Flebile
270 2531 449 2610 principium
471 2531 578 2592 melior
601 2531 718 2591 lorinus
741 2539 841 2593 sennia
1053 2539 1103 2588 545

179 2615 239 2684 Est,
265 2612 329 2674 iulii
352 2614 481 2676 undosus
503 2613 611 2675 elerior
633 2631 705 2675 euro
728 2611 810 2675 dies.¹

132 2699 222 2762 Nunc
244 2698 279 2760 ad
303 2715 357 2759 uus
380 2698 459 2759 vultu
483 2699 569 2758 rediit
592 2699 709 2759 luriune
732 2707 839 2759 sereno

178 2784 282 2844 Matris
303 2785 335 2843 in
360 2782 502 2843 uberibus
524 2781 600 2842 iscla
624 2799 751 2843 noverea
774 2784 863 2862 prius.

132 2867 319 2928 Dardanides
342 2868 430 2926 vestri
452 2864 577 2944 pulobre
600 2865 742 2927 domuere
764 2865 879 2934 lucerii,

178 2949 309 3011 Troibus
332 2957 361 3010 el
382 2949 549 3030 Phrygibus
571 2951 699 3028 imperor
720 2951 774 3010 isla
797 2967 912 3014 munus.
1051 2958 1102 3006 550

130 3067 338 3078 --—-—·—·-—

203 3135 261 3186 522.
281 3133 361 3184 ovid.
381 3135 495 3188 Heroid.
512 3134 535 3197 1,
552 3137 585 3185 67

222 3213 225 3218 ’
282 3201 385 3250 Utilius
403 3206 510 3251 sterent
527 3202 610 3252 etium
628 3216 702 3250 nune
719 3201 828 3251 moenis
846 3199 951 3250 Phoebi

130 3269 193 3318 524.
212 3266 262 3322 Ov,
281 3267 332 3318 Ars
350 3268 408 3318 Am.
427 3269 449 3332 1,
467 3270 526 3322 478.
606 3271 665 3320 527.
683 3283 732 3333 pro
752 3267 808 3318 eud.
828 3282 884 3319 vus.
969 3266 1028 3321 644.
1048 3267 1100 3319 Or.

130 3351 157 3386 e.
177 3335 259 3386 Puni.
277 3334 323 3395 IV,
336 3337 360 3395 4,
373 3337 397 3386 5.
410 3339 435 3398 6,
456 3352 488 3386 ex
507 3351 560 3400 quo
578 3334 639 3386 luou
658 3334 746 3386 nostri
758 3333 872 3396 ,‚uarte“
885 3337 1051 3384 mutavimus
1068 3335 1098 3384 iu

131 3399 250 3467 ‚,pooe“.
302 3404 360 3454 545.
380 3403 473 3452 Ovidii
492 3408 535 3452 esi
552 3402 733 3466 Metamorph.
748 3401 808 3463 VII,
826 3403 885 3452 518.
939 3403 1005 3456 um·
1019 3401 1100 3452 ovid.

129 3471 221 3520 Trist.
237 3468 260 3530 1,
279 3471 303 3534 4,
322 3471 368 3519 27:
388 3477 415 3518 et
434 3469 511 3520 vullu
529 3469 602 3520 ridet
621 3471 731 3519 fortuna
750 3483 853 3519 sereno.
