2618 3984
223 225 267 288 82
529 225 593 278 Lib.
611 226 663 278 111.
698 241 723 278 v.
743 227 887 278 339-362.

128 385 130 388 ’
227 379 288 440 Pax
310 396 366 457 per
388 395 439 438 sex
461 395 579 438 menses
602 377 752 438 stabilitur
775 333 805 438 et
827 396 914 439 omne
936 388 1102 458 peremtum
1293 445 1294 454 χ

271 461 432 542 Talparum
454 463 563 542 recipit
585 464 616 522 in
640 463 763 540 regione
786 462 900 523 thorus.
1143 471 1195 522 ete
1293 457 1294 548 l

423 641 471 696 DE
489 642 614 696 PUGNA
631 641 824 698 DUODEOIM
841 642 993 698 DIERUM.

138 821 144 834 ,
230 766 363 844 Septima
386 763 548 842 surgebant
571 766 695 824 orientis
718 783 830 826 cornua
852 765 963 838 Lunae,

272 851 403 928 Surgere
427 851 568 910 continuo
591 847 696 910 bellica
720 853 803 927 signa
828 849 905 910 vide.

116 997 118 1007 ,
228 937 395 1014 Pugnatur,
436 933 529 994 Durat
551 932 697 994 duodenis
719 951 818 1014 pugna
842 933 947 994 diebus

271 1020 423 1096 Sanguine
444 1035 599 1080 caesorum
622 1016 680 1078 lata
703 1017 837 1078 rubescit
859 1019 976 1080 humus

228 1105 304 1176 Quid
326 1099 407 1182 juvat
430 1101 550 1162 assidue
572 1101 676 1172 clavas,
701 1103 772 1181 quid
797 1101 863 1170 tela,
887 1101 959 1183 quid
983 1120 1080 1174 enses,
1144 1111 1197 1160 esu

271 1188 348 1260 Quid
372 1193 492 1255 mortes,
516 1189 620 1246 mortis
643 1186 714 1266 quid
737 1203 896 1247 numerare
917 1187 1039 1247 modos?

228 1275 286 1333 Ant
309 1271 416 1331 seriem
439 1269 555 1331 scindet
577 1269 662 1331 stilus
685 1279 735 1330 aut
757 1270 875 1340 fastidia
899 1272 1010 1348 gignet,

273 1357 303 1416 Si
326 1356 408 1415 necis
431 1371 519 1414 omne
542 1371 636 1430 genus
660 1371 837 1416 enumerare
859 1353 948 1416 volet.

227 1440 270 1502 Ad
295 1439 445 1500 Priamum
470 1441 560 1499 mittit
584 1439 786 1516 Agamemnon
812 1455 938 1516 cumque
960 1445 1099 1518 precator

271 1525 310 1585 Ut
332 1542 386 1602 per
407 1523 547 1584 terdenos
570 1522 690 1584 obseret
712 1541 795 1584 arma
818 1523 891 1584 dies,
1145 1530 1201 1580 350

230 1608 375 1670 Concedit
397 1608 539 1676 Priamus,
563 1605 742 1668 clauduntur
765 1607 850 1668 busta
873 1605 1026 1687 sepulcris,

212 1749 214 1754 s
272 1693 372 1753 Turba
397 1690 578 1753 salutiferam
601 1693 700 1753 saucia
723 1694 841 1772 quaerit
863 1709 958 1771 opem.

119 1796 120 1799 ¹
230 1776 296 1838 Non
319 1785 365 1837 cst
387 1779 417 1837 in
441 1775 539 1835 medio
559 1785 689 1854 semper,
713 1775 861 1836 relevetur
884 1784 916 1836 ut
938 1793 1041 1854 aeger;

271 1860 303 1921 ln
328 1878 398 1921 cura
422 1859 548 1940 quadam
572 1861 694 1920 vulnera
716 1868 813 1920 morte
835 1859 936 1938 ligant.
1033 1893 1035 1900 >

276 2039 325 2094 DE
344 2039 483 2095 SOMNIO
502 2039 786 2096 ANDROMAOHAE
804 2039 939 2095 UXORIS
957 2039 1148 2096 HECTORIS.

229 2165 310 2223 Luna
334 2163 424 2223 semel
448 2163 543 2232 latuit,
567 2171 629 2223 toto
652 2160 743 2224 semel
767 2163 840 2224 orbe
863 2165 998 2236 recrevit,
1150 2172 1203 2222 355

270 2247 330 2309 Pax
354 2244 415 2308 abit
438 2254 468 2306 et
490 2246 617 2327 populus
640 2265 743 2308 rursus
765 2250 796 2306 in
819 2266 900 2308 arma
922 2250 991 2308 ruit.

229 2331 424 2408 Puguaudum
447 2330 485 2390 dc
507 2349 595 2392 mane
616 2332 679 2401 fuit,
704 2349 772 2392 cum
794 2341 882 2393 nocte
905 2331 960 2392 sub
982 2335 1046 2410 ipsa

273 2416 410 2477 Hectoris
432 2415 640 2476 Andromache
663 2417 777 2476 somnia
800 2417 874 2477 dura
896 2416 984 2477 videt

229 2502 286 2570 Me,
310 2518 449 2560 moerens
473 2501 513 2560 ait
535 2498 583 2559 illa
607 2503 680 2571 viro,
702 2500 762 2580 jam
786 2505 921 2581 tempore
943 2515 1051 2580 pausae
1135 2519 1142 2528 ’
1293 2565 1294 2585 ,

271 2584 392 2645 Terruit
414 2587 445 2644 in
468 2587 579 2646 somnis
601 2587 676 2645 visio
699 2583 783 2644 valde
806 2587 912 2662 gravis.
1149 2591 1207 2643 360
1293 2615 1294 2636 ÷

230 2669 273 2730 Ad
297 2668 360 2730 lera
383 2667 459 2728 bella
483 2685 590 2748 precor
612 2669 701 2729 hodie
724 2669 907 2731 descendere
929 2669 999 2740 noli,

271 2753 316 2814 Sit
338 2752 392 2813 tibi
416 2771 486 2814 cura
510 2755 579 2822 mei,
602 2754 640 2812 sit
663 2753 715 2815 tihi
738 2772 808 2814 cura
832 2755 885 2814 tui.

298 2975 357 3024 339,
376 2975 488 3036 Margo=
515 2971 576 3020 Pax
602 2973 686 3022 tertia
710 2986 759 3022 sex
782 2973 925 3023 mensium.
1006 2973 1065 3022 342.
1085 2973 1213 3038 Margo:

229 3041 328 3104 Pugna
345 3040 399 3103 IX,
417 3039 472 3091 XII
490 3039 596 3090 diebus.
677 3041 735 3090 347.
754 3038 820 3089 Cod.
840 3040 920 3090 stilus
939 3039 1054 3089 scindet.
1140 3042 1214 3090 350,
1293 3067 1294 3100 1

230 3111 339 3173 Margo:
368 3109 426 3158 Pax
454 3110 552 3170 quarta
573 3107 689 3172 triginta
713 3107 825 3159 dierum.
894 3109 953 3158 353.
975 3107 1083 3170 Margo:
1113 3122 1216 3170 quare

231 3177 293 3226 dum
320 3175 465 3228 adhibetur
493 3177 533 3225 eis
559 3189 624 3224 eura
647 3190 696 3238 per
717 3175 881 3225 medicinam
905 3189 960 3225 non
978 3174 1054 3225 evad.
1075 3179 1219 3230 mortem,
1278 3204 1285 3220 .

225 3243 277 3294 Ov.
297 3259 320 3292 e.
340 3243 418 3293 Pont,
438 3243 503 3304 1,e,
523 3243 563 3291 17.
584 3243 616 3293 18

328 3311 389 3360 Non
410 3315 452 3361 est
470 3310 499 3358 in
517 3309 606 3358 medio
624 3323 739 3374 semper,
757 3309 899 3360 relevetur
917 3313 947 3359 ut
965 3325 1058 3374 aeger.

363 3378 503 3430 Interdum
522 3377 604 3426 docta
622 3376 683 3440 plus
700 3377 777 3428 valet
796 3383 855 3428 arte
874 3377 985 3428 malum.

229 3446 289 3496 355.
309 3445 389 3496 Ovid.
408 3447 474 3495 Her.
492 3445 529 3506 II,
549 3446 564 3494 5

339 3514 421 3563 Luna
440 3516 539 3576 quater
556 3511 652 3574 latuit3
671 3515 730 3562 toto
749 3517 847 3578 qnater
866 3514 932 3564 orbe
951 3513 1075 3564 recrevit.
