2618 3984
416 227 418 234 ,
448 173 508 223 Lib.
529 173 580 223 111.
616 190 642 224 v.
653 174 805 242 psat-564.

142 328 242 392 Patrii
266 327 341 397 Non,
365 332 414 386 tua
437 323 610 404 projicietur
632 327 664 384 in
687 343 754 384 arva
778 324 921 386 subistis

188 415 291 477 Corsis
315 419 344 472 et
366 408 490 470 canibus
513 407 704 471 dilacerando
728 427 806 470 caro.

143 499 204 562 Nec
227 503 325 566 mora,'
343 492 444 572 regale
467 491 636 571 percellens
659 493 783 571 cuspide
805 501 918 570 guttur,

186 583 267 643 llaec
290 580 325 640 de
347 575 477 640 Patrocli
498 579 615 646 lunere,
639 577 721 644 dixit.
745 577 838 646 habe;
912 575 915 578 ’
1061 587 1115 636 545

144 668 182 729 Et
203 667 240 728 cle
263 663 418 726 lunaribus
441 661 515 732 aliis,
539 679 616 741 quae
638 663 719 722 misit
741 661 778 722 ad
801 679 903 725 amnes

186 751 211 812 F.
233 751 343 812 nostris
365 745 484 828 populis
506 746 581 808 haec
603 754 653 806 tua
676 747 780 809 dextra
803 746 911 828 Stygis.

143 836 270 916 Palpitat
293 833 342 894 hic
364 833 553 910 animamque
574 849 697 892 vomens
718 832 750 892 in
773 834 917 911 sanguine

187 919 230 982 tt
252 917 464 996 Phlegetontea
485 917 603 993 cogitur
625 917 671 976 ire
693 915 776 976 vada.
804 953 808 958 -
846 941 849 947 ⁴
1154 983 1159 994 ¹

143 1003 265 1068 Infelix!
289 1010 400 1081 quanta
422 998 536 1077 glossae
558 1001 668 1062 virtute
691 1003 816 1079 parasti!
1061 1008 1116 1058 545

186 1089 265 1167 Ques
287 1086 342 1149 tibi
365 1084 485 1146 delicias
506 1083 609 1146 fratris
632 1087 726 1146 amica
749 1085 843 1146 dedit!

120 1168 123 1173 ’
146 1173 218 1244 Quis
239 1178 335 1233 status
358 1176 403 1232 cst
425 1167 535 1239 muudi,
559 1169 700 1230 meretrix
724 1187 800 1246 quae
823 1169 912 1248 digna
936 1169 1062 1230 cremari

187 1259 244 1318 Tot
267 1256 336 1317 lecit
358 1270 500 1334 proceres
521 1262 622 1332 totque
645 1256 744 1333 perire
768 1255 875 1324 duoes;

138 1341 179 1407 Et
201 1360 260 1402 non
282 1340 408 1400 invitos?
430 1337 521 1398 Video
544 1337 623 1417 quod
647 1347 753 1417 sponte
776 1337 920 1400 subibant

187 1425 296 1486 Bellica
320 1423 445 1502 suplicia
467 1430 526 1502 pro‘
546 1422 672 1485 muliere
695 1423 782 1486 mala.
1061 1428 1115 1478 555

143 1509 282 1572 Exultant
303 1509 408 1577 Danai,
433 1506 589 1588 deplorant
611 1505 738 1567 Hectora
761 1504 865 1567 'l'roes''

186 1593 357 1671 Plangeudo
380 1591 471 1653 celeri
494 1589 670 1650 consuluere
694 1591 789 1668 lagae.

144 1679 258 1740 Graeca
281 1676 411 1756 phalanx
433 1676 574 1754 sequitur,
599 1673 635 1734 ad
657 1683 774 1753 portam
797 1674 935 1734 Memnon
959 1673 1070 1734 eisdem

113 1819 117 1828 .
187 1761 292 1824 Obviat
315 1768 345 1820 et
366 1758 498 1838 Phrygii,
523 1775 622 1838 pugna
644 1759 676 1818 fit
697 1759 775 1818 acris
797 1757 849 1820 ihi.

144 1845 260 1906 llixtim
284 1841 458 1911 caeduntur,
482 1841 601 1901 tandem
625 1859 683 1901 nox
705 1839 802 1902 sidera
825 1843 938 1920 spargit
1062 1849 1113 1902 555

187 1926 302 1988 Bellum
327 1927 551 2004 compescitur
575 1943 627 1985 555
651 1927 776 2005 quisque
798 1927 886 1987 redit.
923 1957 924 1961 =

194 2071 370 2166 AOHJLLES
389 2069 516 2126 occiso
534 2069 705 2126 HECTORE
724 2070 835 2126 REDIT
853 2071 893 2126 IN
911 2069 1059 2127 GASTRA.

148 2180 272 2242 Saucius
295 2189 324 2240 et
345 2179 442 2239 sessus
465 2178 494 2237 in
517 2186 614 2238 castra
636 2195 773 2238 reversus
795 2177 930 2247 Achilles

190 2266 351 2326 Corruerat
373 2263 513 2339 quoniam
538 2262 682 2322 maximus
698 2261 806 2331 hostis,
830 2269 904 2323 ovat.

117 2354 121 2358 ’
144 2351 222 2412 Dicit
244 2349 392 2409 Homerus
415 2364 483 2407 eum
505 2348 630 2406 traxisse
652 2363 707 2423 per
729 2363 797 2407 arva
819 2345 966 2406 misellum

186 2433 271 2496 Busti
293 2430 440 2511 majorum
464 2430 626 2491 circuendo
649 2431 757 2500 locum,
1059 2436 1111 2486 565

142 2517 309 2596 Praecipue
331 2533 402 2576 vero
425 2513 562 2588 Patrocli,
587 2513 673 2592 cujus
695 2513 837 2592 Achillem

185 2601 265 2664 Mors
286 2601 376 2661 nimis
399 2601 523 2666 exussit;
548 2599 645 2674 lenior
666 2599 735 2658 inde
758 2599 821 2668 luit,

143 2685 302 2763 Quumque
324 2682 433 2744 malum
457 2691 580 2761 propter
602 2679 678 2743 mala
691 2681 793 2744 multa
815 2682 965 2761 receperit
987 2681 1078 2741 imum

184 2769 230 2830 llli
252 2767 406 2850 probrosis
428 2766 632 2846 impejorando
655 2769 742 2828 notis.

141 2879 346 2892 ...-—--

209 2923 258 2972 537
278 2933 317 2983 sq.
335 2918 486 2984 Epibomot.
504 2919 563 2969 eet.
582 2919 615 2968 98
644 2918 645 2922 ’

246 2987 285 3036 Τ5
303 3001 369 3038 vero
387 2986 538 3050 tristesque
556 2986 631 3036 ferae
649 2988 818 3050 cunctaeque
835 2985 961 3036 volucres

244 3053 401 3119 Deripisnt‚
420 3052 550 3116 avidique
570 3069 653 3105 canes
672 3060 721 3104 tua
738 3055 847 3104 viscere
865 3055 987 3118 pascent.

142 3123 199 3174 542.
220 3121 309 3188 stygis
335 3137 384 3186 pro
414 3121 472 3171 cod.
495 3127 600 3185 stygos.
686 3119 983 3172 scammatibus
1006 3117 1111 3170 femina.

110 3245 115 3255 ¹
140 3190 217 3241 clarc
235 3190 298 3238 fuit.
309 3215 342 3224 -
354 3185 466 3238 Helene
477 3202 545 3238 uxor
559 3188 653 3239 fratris
667 3187 784 3238 Periclis.
836 3188 895 3239 556.
907 3188 1028 3250 Epitom.
1044 3187 1110 3239 1007

260 3257 417 3308 Laetantur
433 3255 536 3318 Danai,
556 3255 694 3320 plangunt
712 3271 763 3305 suo
780 3255 881 3304 funera
899 3254 986 3304 Troes

141 3325 199 3376 555.
220 3323 270 3374 Ov.
290 3323 358 3373 Met.
377 3337 431 3372 nox
450 3321 557 3384 coelum
575 3329 718 3388 sparserat
736 3321 828 3372 astris.
898 3321 1111 3373 559.Η55151115

138 3392 159 3444 i.
177 3405 201 3442 5.
220 3390 341 3456 Epitom.
360 3405 386 3442 v.
406 3391 471 3441 1010
489 3405 549 3454 sqq.
568 3389 637 3442 haec
655 3393 760 3440 narrat.
830 3389 887 3442 560.
906 3389 1025 3440 excessit
1041 3403 1110 3438 mer·

140 3459 215 3524 ginis
234 3455 357 3510 scholion
374 3471 436 3522 per:
456 3457 673 3520 „conturbavit“
693 3456 855 3522 explicatur.
