2616 4000
212 225 275 290 202

212 381 323 442 Omnes
346 382 466 442 omnino
489 389 573 461 putat
593 384 695 446 hostes
717 383 810 442 hostis
832 383 952 470 amicqs,

253 467 290 526 m
312 466 452 546 quioquid
476 469 590 544 pariter
612 468 742 544 pertinet
763 467 800 528 ad
823 467 970 529 Paridem.

212 551 338 629 Legatos
359 552 450 630 igitur
471 553 593 612 mittens
614 550 686 629 legit
706 551 839 631 undique
862 553 948 626 vires,

254 635 307 696 Cui
331 654 436 714 parere
460 647 545 714 parat
567 637 699 716 quisquis
721 636 757 700 ad
781 655 864 698 arma
885 635 972 704 volet,

212 717 371 790 Sublimes,
396 720 532 787 humiles,
556 729 681 782 cunctos
702 720 809 800 injuria
832 721 912 799 regis

255 803 372 883 Tangit,
396 813 426 864 et
444 804 521 866 hane
545 807 639 866 omnis
659 803 774 882 judicat
796 823 861 866 esse
883 823 977 865 suam.

215 889 251 949 Et
274 891 408 968 quamvis
430 887 548 950 doleant
571 893 712 969 regisque
734 908 846 970 suoque
870 889 981 963 dolore,

255 973 324 1035 Plus
346 973 444 1051 pudor
468 973 592 1045 ablatae,
617 992 705 1050 quam
729 974 821 1044 dolor,
844 983 933 1052 urget
956 993 1016 1034 cos.

213 1059 245 1118 iu
269 1057 425 1138 Phrygiam
449 1065 539 1120 totam
563 1058 702 1137 conjurat
724 1059 847 1120 Graecia
871 1067 940 1127 tota,
1026 1073 1029 1082 ·

253 1141 291 1202 Ut
312 1146 427 1222 pariter
450 1151 552 1226 pereat
575 1161 641 1204 oum
664 1146 788 1220 regione
811 1143 905 1204 Paris.

216 1227 335 1289 iunctis
357 1226 480 1288 miiitiae
502 1232 610 1289 turmis
631 1229 825 1307 peditumque
848 1229 982 1295 catervis,
1048 1271 1051 1278 .

254 1311 383 1390 Imperat
405 1314 436 1372 in
460 1312 596 1373 Paridem
620 1330 673 1372 rex
696 1316 847 1374 animosus
869 1315 935 1372 iter.

210 1394 288 1456 Mitte
311 1405 391 1456 rates
413 1396 526 1457 ducens
548 1399 623 1475 petit
645 1397 729 1467 ilion,
753 1397 871 1458 obsidet
892 1395 973 1465 iilud,
1128 1409 1179 1457 115

253 1479 353 1550 Irruit,
376 1487 464 1560 atque
487 1483 546 1543 cito
567 1482 688 1542 vincere
710 1485 772 1542 sive
795 1484 881 1542 mori.

210 1565 340 1625 Fortiter
362 1564 481 1626 obsistit
502 1567 611 1627 Danais
634 1565 761 1644 Troiana
782 1565 929 1643 juventus,
991 1589 1001 1594 ·

256 1649 349 1729 Inque
373 1653 465 1710 vicem
489 1657 604 1728 strages
627 1651 757 1727 dantque
779 1653 938 1730 feruntque
960 1650 1050 1712 ieras.

212 1735 348 1814 Dumque
370 1733 426 1795 suh
449 1737 567 1796 incerto
589 1736 699 1814 pendet
720 1735 840 1795 victoria
864 1743 955 1803 certa,

256 1817 337 1879 lnter
359 1826 501 1898 utrosque
525 1819 574 1880 diu
598 1839 664 1880 sors
688 1817 767 1879 reiut
788 1837 881 1899 aequa
905 1818 991 1880 volat.

212 1901 298 1963 Hunc
320 1903 351 1963 lti
375 1921 453 1964 nunc
475 1905 518 1964 iiii
540 1923 626 1964 versa
651 1906 712 1964 vice
735 1906 814 1964 ferre
838 1904 974 1965 videntur

252 1987 386 2058 iusidias,
410 1990 497 2058 ictus,
522 1988 652 2058 vulnera,
677 1989 792 2057 ciamus,
816 1990 910 2067 iuges,
964 2019 970 2030 ι

213 2069 337 2133 Praeter
359 2089 533 2134 communes
556 2091 641 2134 casus
664 2075 816 2152 patiuntur
838 2073 941 2134 Achivi

190 2221 193 2226 y
255 2155 357 2226 Multa,
380 2157 481 2227 sames,
506 2156 631 2236 pluvias,
653 2160 776 2236 frigora,
800 2175 914 2237 cauma,
937 2159 1027 2219 sitim.

213 2241 370 2301 Aeneidem
394 2259 533 2320 magnum
550 2241 729 2303 Philoctetae
752 2242 827 2301 iastu
850 2247 973 2320 sagittas
1128 2255 1178 2303 125

254 2325 393 2395 Poscant,
417 2334 449 2385 nt
470 2327 585 2403 possint
607 2325 748 2404 Pergama
772 2344 858 2405 posse
881 2330 958 2406 capi,

212 2408 287 2468 Hinc
310 2417 339 2468 et
362 2428 411 2471 eas
434 2411 554 2470 monitis
577 2421 675 2471 vatum
699 2412 791 2472 Danai
813 2410 869 2471 sibi
892 2419 1054 2490 quaternum

254 2493 317 2554 Hoc
338 2494 425 2556 iuror
448 2495 619 2560 Hectoreus,
645 2494 690 2555 iris
713 2495 791 2558 cadit
812 2497 876 2575 ipse
900 2496 993 2557 Paris.

212 2577 283 2638 Sors
307 2578 414 2640 melior
436 2577 506 2639 belii
527 2578 652 2640 Teucris
674 2583 755 2640 stetit
776 2580 905 2641 Hectore
927 2589 1033 2651 stante,

254 2659 313 2732 Oui
336 2681 414 2742 spes,
438 2665 490 2743 qui
512 2662 642 2742 clypeus,
666 2666 715 2742 qui
737 2667 821 2741 vigor
843 2664 928 2725 urbis
950 2673 1023 2725 erat.
1128 2675 1178 2724 130

209 2750 245 2806 At
268 2747 352 2808 ierus
374 2749 526 2816 Aeacides,
551 2757 584 2808 nt
606 2751 694 2818 venit,
718 2758 752 2810 nt
773 2748 899 2809 Hectora
922 2751 1002 2819 vicit,

251 2833 302 2891 Vis
323 2833 472 2892 Teucrum
495 2836 572 2895 victo
595 2833 711 2893 vindice
734 2835 810 2893 victa
832 2835 898 2894 init.

208 2915 351 2976 Aeacides
374 2923 501 2996 quantus
523 2917 622 2984 suerit,
646 2919 689 2978 vei
713 2918 815 2996 qualis,
840 2926 869 2977 et
890 2917 979 2988 unde,

251 2999 362 3070 Prodit,
387 3009 417 3062 et
439 3005 570 3062 auctoris
593 3004 698 3080 pagina
721 3001 811 3062 multa
836 3003 932 3063 docet.

211 3085 242 3144 Si
266 3086 334 3155 aim,
358 3087 383 3146 si
406 3095 547 3156 mentem,
572 3087 596 3146 si
617 3086 694 3147 heila
717 3087 848 3165 requiris
870 3085 1004 3146 Achillis:
1126 3095 1176 3146 135

252 3168 291 3229 Ut
312 3169 434 3232 doceam
458 3173 576 3250 paucis:
599 3170 728 3231 Hectore
752 3170 847 3250 major
869 3179 942 3231 crat.
1036 3217 1039 3226 .

209 3252 241 3312 ln
266 3257 371 3315 castris
394 3255 526 3316 Danaum
551 3254 732 3325 Palamedes,
756 3255 874 3326 Nestor,
897 3253 1016 3334 Ulysses

252 3337 323 3398 Pius
345 3348 414 3400 sunt
435 3340 569 3410 consilio,
592 3358 680 3418 quam
704 3337 852 3418 probitate
875 3339 975 3400 duces.

207 3422 360 3492 Aeacides,
385 3419 470 3504 Aja·
490 3425 657 3501 Diomedes
680 3425 822 3504 Pyrrhus,
845 3423 978 3485 Atrides:

250 3507 304 3569 Hic
326 3508 391 3578 flos,
417 3508 464 3569 iric
487 3508 599 3579 lumen,
623 3509 673 3569 irio
695 3511 811 3589 pietatis
834 3527 919 3590 apex.
1126 3518 1177 3568 110
