2616 4000
432 177 494 229 nen.
513 173 546 229 v.
577 195 603 231 v.
622 181 765 230 too-430.
1024 180 1087 247 145

162 335 227 396 llue
249 331 394 394 obversus
415 341 445 392 et
467 333 526 394 huc
548 335 591 394 ire
614 353 668 412 per
691 352 742 394 orn
766 334 859 402 dolet;
1034 345 1086 396 too

116 417 309 498 splendescit
331 435 454 496 tempus
476 420 568 479 ermis
591 417 779 490 sublimibus,
798 418 861 481 'alto

162 504 322 565 Hesteeum
347 520 469 563 nemore
491 502 609 564 ferreus
631 502 735 591 horret
757 519 837 582 eger.

232 644 368 720 [FUROR
385 649 667 706 PENTHESILEAE
684 649 731 706 ET
748 650 974 722 AMAZONUMJ

115 755 352 836 Quadrupedem
376 756 503 820 velidum
526 757 636 819 lentate
660 756 741 819 celoe
764 757 865 837 fatiget

162 841 252 902 Vecte
275 859 329 920 per
350 840 473 902 hostiles
495 841 681 904 Penthesilea
703 843 822 904 choros.

121 928 259 1005 Denique
282 927 414 986 consueti
437 945 497 988 non
521 935 566 990 est
588 926 677 988 oblite
702 928 822 1003 tenoris,
1036 936 1086 986 405

164 1009 301 1071 llenudet
322 1009 464 1087 gladium,
488 1011 578 1071 coede
601 1010 714 1073 coloret
736 1029 856 1090 egrum;

118 1095 176 1158 Cui
199 1093 271 1155 levis
290 1113 305 1154 e
328 1095 410 1156 leevo
434 1096 582 1176 dependet
604 1115 705 1176 perme
729 1093 850 1164 lecerto,

166 1183 188 1239 Α
213 1187 298 1256 tergo
320 1179 442 1241 decoret
464 1198 571 1242 eureus
594 1198 681 1241 erens
705 1180 817 1240 herem.

122 1263 209 1325 Nune
230 1263 357 1324 velidem
382 1263 484 1326 dextre
507 1268 586 1345 repit
606 1264 754 1325 indelessa
777 1263 947 1343 bipennem,

164 1348 252 1409 Nune
274 1349 365 1409 mittit
386 1349 467 1410 loeva
490 1350 603 1428 spionle
626 1347 717 1411 multe
741 1367 841 1420 manu,
1037 1359 1088 1408 tto

119 1431 206 1501 Quae
227 1440 327 1494 temen
349 1432 508 1504 interdum,
532 1437 559 1494 si
581 1433 649 1494 telis
671 1433 755 1514 pnlse
778 1431 932 1502 recedunt,

164 1519 243 1578 Aron
267 1535 409 1578 consenso
431 1537 501 1579 mox
523 1517 658 1579 revolare
680 1517 763 1586 lecit;

120 1604 160 1664 Et
181 1609 254 1681 quot
276 1605 366 1663 misse
388 1621 478 1664 menn
501 1603 644 1664 contorsit
665 1603 782 1682 spieule
805 1604 899 1679 virgo,

166 1686 209 1748 ud
232 1695 343 1748 terrem
365 1685 436 1765 jeeti
460 1694 503 1748 tot
525 1687 663 1748 cecidere
685 1687 750 1747 viri.

119 1775 236 1850 Aspera
259 1788 358 1849 pugne
381 1771 473 1832 trehit
494 1773 555 1832 elto
577 1789 609 1832 se
632 1772 704 1850 sole,
728 1772 822 1831 virum
845 1771 890 1830 vir
1040 1779 1089 1829 415

165 1856 288 1936 lmpetit
310 1865 340 1916 et
360 1858 418 1918 mm
440 1859 484 1916 eis
506 1857 614 1918 cedere
636 1857 728 1918 eeede
752 1855 830 1918 ieoit.

121 1941 184 2003 Nec
208 1949 321 2002 tentum
344 1942 400 2002 luit
422 1942 454 2001 in
476 1943 533 2002 isto
556 1943 601 2001 vir
622 1943 725 2020 virque
747 1938 857 2016 duello,

167 2025 325 2105 lmpetitun
346 2029 415 2105 quie
438 2028 484 2086 vin
506 2028 630 2102 virgine,
654 2029 738 2100 virgo
761 2028 831 2084 viro.

124 2109 252 2178 Pessive,
277 2128 338 2170 uon
359 2110 481 2171 lascive:
507 2129 566 2170 non
588 2110 666 2170 siout
688 2117 822 2170 ementes

168 2193 216 2264 Se,
239 2193 291 2254 sed
314 2202 347 2253 ut
370 2203 502 2255 ementes
525 2211 721 2273 composuere
742 2203 854 2254 truces.
1039 2203 1091 2253 teo
1166 2209 1172 2224 ·
1206 2277 1208 2284 Α

124 2277 221 2339 Ocree
245 2279 354 2338 lemete
377 2283 469 2340 micet
490 2279 547 2348 hio,
571 2296 629 2339 non
653 2277 754 2340 oseule
778 2278 914 2347 miscent,

167 2362 233 2424 Non
256 2363 361 2424 thorus
383 2364 434 2425 sed
458 2365 574 2432 thorax,
598 2381 657 2423 non
679 2381 788 2442 procus
809 2365 902 2423 immo
923 2379 1047 2442 prooem

123 2446 315 2516 Procubitns,
339 2465 399 2509 nou
421 2449 596 2510 concubitus
617 2451 763 2508 setieutur
784 2464 894 2518 amore,

167 2531 219 2591 llii
238 2528 375 2610 jugulare
397 2551 482 2594 suem
505 2551 565 2593 non
589 2529 697 2592 violate
719 2531 829 2593 studet.

123 2617 235 2677 Fet-nee
258 2617 376 2677 terretis
398 2619 605 2695 constringunt
627 2615 701 2676 colle
724 2614 852 2683 lacertis,
1041 2625 1092 2674 425

167 2700 286 2761 Clamet·
309 2704 340 2761 in
362 2703 508 2780 amplexu.
533 2700 633 2762 nullus
655 2701 784 2762 hebetur
806 2716 905 2768 emor3

122 2783 189 2845 Non
214 2786 262 2845 isti
284 2786 414 2863 capitum
437 2786 508 2847 dent
529 2785 629 2847 oscule
652 2786 704 2846 sed
728 2783 911 2865 cepulornm,

167 2867 255 2928 Besie
279 2868 349 2930 dent
372 2869 502 2933 dolabris
522 2870 618 2950 jurgia
642 2868 739 2931 dendo
761 2868 868 2938 lebnis;

125 2951 192 3014 Non
213 2950 343 3032 jungunt
363 2963 489 3023 mentes,
512 2962 649 3033 pungent
669 2954 719 3015 hie
742 2952 841 3014 oscula
865 2953 979 3022 dentes,

138 3091 143 3100 .
167 3037 234 3098 Non
258 3056 327 3099 reon
349 3040 424 3101 hese
445 3058 515 3100 vere
537 3039 589 3101 sed
613 3039 706 3117 magis
729 3057 795 3099 esse
816 3039 910 3099 ieras
1041 3047 1093 3116 teo

194 3239 251 3290 tou.
280 3255 387 3306 mergo:
415 3241 512 3292 ohorue
534 3257 589 3293 non
615 3241 736 3307 pertinet
757 3239 794 3290 ed
816 3244 926 3291 eentum
948 3240 1028 3292 modo
1047 3239 1094 3291 sed

126 3305 209 3355 etiem
228 3305 264 3356 ed
281 3307 391 3358 bellum.
481 3311 540 3361 407.
557 3310 633 3374 Virg.
652 3308 719 3360 Aen.
737 3306 785 3366 XI,
804 3309 854 3359 693

228 3400 262 3410 -
279 3407 312 3416 -
330 3380 357 3425 et
373 3376 454 3430 leevo
472 3377 605 3442 dependet
624 3392 719 3441 perme
737 3375 851 3427 lacerto.

126 3441 185 3490 411.
204 3440 264 3491 eod.
283 3444 398 3497 recedit.

178 3540 271 3586 Troilus.
908 3529 941 3579 10
