2616 4000
414 215 417 220 ’
444 236 506 288 Lib.
525 238 559 289 v.
589 249 614 290 v.
632 233 777 290 aar-556.
1034 226 1096 294 149

120 391 254 456 -lliceris,
277 389 406 467 hospitia
428 389 528 469 Stygis
551 389 722 450 olfaceres
743 357 839 463 inagis
860 383 968 463 anrpla,

175 474 254 536 Olim
277 475 472 554 primigerum
495 481 528 534 tu
549 471 675 533 subiisse
697 472 808 531 locum.
937 481 938 486 ’

237 639 511 740 'innnnifflsnsnn
528 668 764 734 ALLOQUITUR
780 666 983 736 mnenon]

131 811 308 874 Transierat
329 811 460 874 medium
483 820 548 872 rota
570 810 642 872 solis
662 809 799 870 flammea
822 808 975 878 mnndum,
1062 821 1064 824 ·

175 897 315 975 Pugnans
336 895 434 958 stabat
456 894 553 956 adhuc
574 893 686 956 fervida
709 893 827 954 llamma
850 894 954 952 virum.

130 979 392 1042 Innumerabiliter
414 980 590 1058 Danaosque
611 978 802 1058 Phrygesqne
824 977 918 1036 ruisse

153 1065 309 1126 'Pondere
331 1064 477 1126 bellorum
501 1062 689 1124 Penthesilea
712 1062 803 1136 videt,

130 1147 168 1210 Et
191 1151 259 1228 quia
282 1152 434 1228 virgineus
456 1150 606 1210 exercilus
628 1165 710 1208 arma
733 1145 864 1207 valenter

175 1233 313 1304 veheret,
337 1235 367 1294 in
389 1233 535 1312 Pyrrhum
559 1232 627 1294 talia
650 1231 740 1292 rerha
760 1230 845 1310 jacit:

132 1317 166 1378 ln
190 1322 303 1398 campis
325 1320 436 1397 agitare
460 1317 541 1378 leros
563 1327 592 1377 te
615 1315 742 1398 Pyrrhe!
765 1313 882 1395 putasti,
921 1364 924 1368 .
1024 1313 1027 1320 '

175 1400 230 1462 llic
252 1404 336 1482 quasi
359 1421 461 1464 rnnsca
485 1402 541 1462 leri
564 1403 607 1461 sit
624 1401 767 1480 capienda
790 1417 889 1460 manu.
986 1403 988 1408 ’

131 1486 199 1548 Non
222 1505 297 1566 puer
317 1486 367 1548 hic
389 1487 507 1566 lepores
529 1486 695 1555 venaberis,
719 1487 811 1546 immo
832 1483 952 1555 leones;

173 1570 228 1631 Est
248 1570 334 1651 lepus
356 1570 405 1632 illa
428 1571 474 1631 vel
495 1571 570 1633 haec
591 1570 740 1632 foemina?
761 1587 862 1630 nonne
884 1567 950 1630 leni

131 1655 275 1716 Foenrina
298 1655 473 1720 credideris.
519 1654 664 1716 Occurret
686 1653 814 1714 foemina
837 1652 971 1733 Pyrrho?

175 1739 243 1799 Non
266 1741 317 1801 sed
342 1741 401 1810 vir;
425 1739 532 1801 mulier
554 1739 649 1800 induit
671 1737 719 1798 illa
742 1739 848 1798 virum.

130 1824 169 1886 Et
191 1825 219 1883 vi
242 1827 360 1886 virtutis
382 1827 439 1886 erit
460 1823 510 1884 illa
533 1825 578 1885 vir
601 1832 630 1884 et
651 1823 736 1903 qnasi
758 1823 785 1881 vi
809 1824 861 1889 vir,
953 1836 954 1839 ’

175 1907 226 1968 Vir
249 1926 369 1988 quoque
392 1927 451 1970 non
475 1909 549 1979 vilis,
573 1911 665 1968 innno
688 1906 780 1967 virilis
804 1908 871 1967 erit.

131 1991 275 2053 Foemina
297 1996 359 2054 sive
383 1996 427 2054 vir
449 1995 500 2054 esi
522 1993 572 2055 hic
594 1996 619 2053 si
641 1993 686 2053 vir
709 2011 749 2060 es,
774 2009 863 2050 exere
887 1992 962 2052 vires

126 2093 127 2096 ’
173 2077 257 2138 Haec
280 2081 338 2138 erit
360 2079 390 2137 in
414 2079 440 2136 vi
464 2096 529 2146 res;
554 2077 662 2138 rohone
685 2093 784 2136 nonne
807 2077 903 2136 vires?

136 2159 201 2222 Non
226 2168 259 2223 lu
281 2161 443 2223 foemineae
465 2161 609 2230 imbelles.
633 2163 724 2223 immo
746 2159 876 2221 rebelles

172 2246 312 2308 invenies
334 2257 363 2308 et
385 2265 445 2308 non
465 2239 579 2328 'absque
602 2248 702 2325 vigore
724 2263 840 2306 manus,
899 2243 901 2248 ’

132 2326 209 2399 Scis,
234 2331 312 2408 quod
335 2350 394 2391 non
418 2330 509 2399 (lebet
531 2332 636 2411 pelago
659 2349 691 2391 sc
714 2331 848 2402 credere,
872 2332 896 2392 si
919 2350 975 2410 qna

174 2413 273 2476 Audet
294 2415 324 2475 in
348 2417 455 2493 exigno
477 2415 582 2476 ludere
605 2416 699 2477 cimba
722 2416 798 2476 lacn.

131 2497 236 2559 Simo
258 2502 412 2579 respicies,
437 2499 530 2560 lortes
551 2501 694 2561 invadere
716 2501 804 2575 lortis

173 2581 311 2644 Forsitan
335 2584 479 2663 exemplis
500 2587 683 2646 instruerere
706 2588 789 2646 meis.

129 2666 257 2744 lgnavos
279 2671 385 2744 agitas,
407 2671 439 2731 in
463 2688 511 2729 nne
533 2678 683 2740 converte,
706 2669 815 2730 valoris

175 2751 207 2812 Si
230 2752 303 2832 quid
326 2751 428 2823 habes,
452 2762 483 2814 et
505 2753 576 2832 quid
598 2757 658 2815 sint
680 2752 743 2816 lera
765 2753 844 2814 bella
867 2755 955 2814 scies.

129 2835 173 2898 De
196 2839 295 2915 pretio
318 2839 388 2899 victi
411 2837 522 2916 pendet
544 2839 679 2909 victoria;
702 2841 798 2900 victor

173 2920 287 2982 Tantus
310 2923 375 2991 erit,
400 2925 469 2984 victi
492 2921 586 3001 gloria
609 2931 717 3000 quanta
740 2924 807 2987 luit.

127 3004 177 3065 hle
199 3013 277 3082 pete,
301 3013 366 3066 teve
387 3007 501 3085 petam!
535 3007 586 3068 Sic
607 3006 686 3068 latur
709 3017 736 3067 et
759 3026 831 3068 ecce
853 3015 992 3086 potenter
1046 3018 1099 3068 555
1200 3057 1204 3064 .

173 3088 333 3168 Agreditur
355 3089 512 3169 Pyrrhum,
535 3094 631 3170 teligit
654 3099 682 3152 et
706 3095 788 3168 angit
808 3110 888 3153 eum.

128 3276 331 3286 m*

196 3394 257 3444 528.
278 3391 370 3443 Schol.
389 3391 443 3444 loc.
461 3395 598 3447 mundum.
651 3399 711 3448 ⁶43.
730 3395 837 3461 Margo.
856 3397 898 3448 vir
911 3396 959 3446 ee?
977 3397 1096 3462 Pyrrhe!

126 3461 187 3515 547.
205 3461 246 3510 48.
267 3459 346 3514 ovid.
365 3459 449 3515 Trici.
467 3461 505 3527 11,
524 3464 585 3514 329.
603 3467 645 3516 30.
715 3466 774 3516 653.
793 3466 834 3516 54.
852 3463 1097 3530 AnonymNevel.

125 3543 155 3594 p.
173 3529 224 3582 499
242 3526 291 3578 lin.
309 3529 325 3576 2
343 3528 377 3578 ab
396 3527 480 3584 inira.
