2616 4000
425 197 494 250 ,niu
512 197 574 261 vn,
594 213 619 247 v.
638 200 780 248 lta-lua.
1029 195 1089 262 181

125 349 215 408 'lecta
237 348 378 419 fremunt,
402 356 524 410 resonat
545 365 670 426 maguus
692 347 886 427 plangoribus
908 350 1020 420 aether,

139 481 142 488 .
167 431 305 493 Territus
327 431 397 494 hiue
419 433 498 510 vagit
520 433 623 494 matris
646 434 677 493 iu
700 451 753 492 ora
775 451 865 512 puer:

124 515 293 577 Foemineis
315 535 418 578 omnes
441 515 554 576 ululant
575 515 760 595 plorantibus
775 517 880 588 aedes,
1040 528 1090 576 415

168 597 278 660 Cuncta
300 599 404 661 dolore
425 601 503 678 fugit
525 599 688 661 exhilarata
710 601 812 680 quies;

9 733 15 746 .
124 681 214 746 Exilii
236 684 284 744 bie
306 685 414 754 nudus,
438 684 488 744 hic
510 685 606 763 prima
629 691 710 745 veste
732 691 886 753 renautus;

167 767 337 828 Occurrens
358 769 476 829 Danaus
499 767 628 847 perfodit
650 787 721 830 ense
738 769 830 830 latus.

124 851 266 914 Fuemiua
289 852 368 914 nuda
390 853 459 914 salit
480 871 496 912 e
518 851 605 922 lecto,
630 853 677 913 vix
699 851 777 913 bene
799 852 915 934 prolem

128 975 130 982 ·
167 937 289 1016 Arripit,
313 948 382 998 ante
405 937 496 998 larem
519 955 580 998 non
604 937 693 1006 veuit,
716 938 774 998 ieta
797 938 884 998 eadit.
1040 948 1092 997 420

124 1018 178 1082 Ille
202 1021 246 1082 vel
270 1019 319 1082 illa
344 1028 431 1100 eaput
450 1018 509 1098 jam
534 1038 628 1099 paene
650 1020 815 1091 levaverals
830 1023 924 1097 Argus

166 1104 300 1176 Advolat,
324 1109 355 1166 iu
378 1113 478 1183 partes
500 1104 634 1166 membra
657 1104 751 1166 lerata
773 1114 868 1176 seoat;

123 1189 262 1250 Membra
283 1189 360 1250 levat
382 1192 492 1250 sensim
515 1186 565 1248 vili
588 1188 715 1250 demissa
738 1188 861 1267 grabato

168 1272 311 1335 Serrulus
333 1280 363 1334 et
385 1281 488 1334 venter
509 1272 656 1334 scinditur
679 1291 750 1334 ense
772 1291 852 1336 suus.

124 1357 294 1436 Enbipedat
315 1375 368 1436 pes
390 1358 541 1433 attonitus,
564 1357 632 1436 quia
654 1357 725 1417 dum
747 1356 829 1436 lugat
850 1355 899 1418 ille
1041 1369 1090 1418 426

167 1441 273 1503 Obviat
295 1442 366 1512 1116,ἱ
379 1443 475 1502 nescit
497 1459 556 1520 quo
578 1440 749 1503 moderatur
771 1444 839 1502 iter.
1076 1449 1077 1452 ’

125 1525 201 1586 Dum
225 1525 339 1605 gladios
361 1526 486 1603 lugiunt,
511 1523 615 1603 gladiis
637 1527 668 1586 in
691 1527 827 1586 acumina
849 1536 974 1587 currunt

167 1609 204 1670 m
226 1617 352 1670 mortem
376 1616 500 1687 generat
521 1611 627 1669 mortis
649 1608 758 1690 ubique
780 1608 860 1686 luga.

125 1693 198 1755 Cum
221 1694 343 1772 planetu
364 1693 463 1754 luctus
486 1700 515 1754 et
535 1691 663 1772 plurima
685 1695 790 1754 mortis
813 1695 910 1774 imago

165 1777 303 1839 Nascitur
326 1782 355 1837 et
377 1777 450 1839 nulli
472 1795 504 1836 se
526 1795 667 1838 revocare
690 1777 785 1838 datur.
998 1848 1006 1858 ι
1041 1789 1092 1839 430

122 1861 243 1924 Hostiea
265 1880 320 1940 per
342 1870 433 1922 totam
457 1861 633 1922 diffunditur
655 1861 726 1922 ultio
749 1859 879 1940 Trnjam,

166 1945 294 2024 Rumpis
317 1945 448 2006 erudelis
470 1947 529 2006 lert
550 1963 643 2023 genus
666 1963 753 2006 omne
776 1947 866 2006 necis.

124 2027 243 2089 Penelei
262 2027 381 2107 juranis
403 2029 510 2090 cecidit
532 2047 676 2090 mucrone
698 2028 850 2091 Coroebus
958 2094 961 2100 ,

163 2112 225 2174 Neo
247 2118 364 2193 poterat
386 2113 549 2192 supplicam
572 2113 645 2174 luno
665 2112 768 2192 jurare
791 2115 894 2185 virum,

119 2197 179 2257 lste
200 2215 309 2276 procus
331 2197 428 2258 luerat
448 2196 638 2265 Cassandrae,
663 2196 749 2276 eujus
772 2215 872 2259 amore
983 2213 988 2222 “
1037 2209 1088 2258 435

164 2282 293 2342 Venerat
313 2277 346 2341 in
368 2298 509 2361 pugnam,
531 2289 599 2359 post
621 2281 778 2342 habiturus
802 2299 875 2342 eam.

123 2363 237 2426 Coullxi
260 2374 386 2443 pereunt
408 2365 598 2444 Hypanisque
620 2363 796 2444 Dymasque,
819 2383 875 2426 uec
899 2365 976 2427 ullus

192 2499 250 2549 413.
270 2497 346 2564 Virg.
365 2497 432 2549 Aen.
450 2498 497 2561 IV,
516 2497 575 2548 668.
644 2501 702 2548 414.
722 2499 802 2555 Ovid.
821 2501 900 2550 Fast.
919 2500 967 2563 lv,
985 2503 1036 2552 208

233 2588 238 2596 ·
324 2562 413 2615 Tutus
431 2568 462 2614 ut
479 2563 582 2613 infanti
600 2567 696 2629 vagiat
713 2581 761 2616 ore
779 2583 851 2633 puer.

121 2633 185 2682 415.
203 2633 280 2696 Virg.
299 2627 367 2682 Aen,
385 2631 423 2694 Π,
441 2631 500 2681 487.
520 2632 553 2681 88

250 2707 253 2712 ’
272 2726 305 2734 -
322 2699 536 2764 -penitusque
555 2713 639 2749 ousae
657 2699 838 2766 plangoribus
858 2702 941 2753 aedes

225 2766 378 2816 Foemineis
396 2763 509 2816 ululant.
732 2771 736 2778 ·

118 2835 181 2884 417.
200 2833 286 2888 schol.
306 2832 499 2886 circumdatur.
552 2833 613 2884 422.
633 2850 647 2884 e
666 2835 790 2900 margine
808 2851 871 2900 pro:
889 2840 986 2886 secale
1006 2837 1091 2890 levat.

118 2901 180 2951 425.
199 2899 291 2951 Sehol.
314 2895 466 2951 dubitsndo
489 2898 566 2950 rodit
589 2905 618 2951 et
636 2901 737 2952 dieitur
755 2903 790 2953 ab
810 2917 844 2952 en
863 2903 936 2966 quod
954 2907 996 2954 est
1014 2905 1042 2953 in
1062 2909 1093 2954 et

117 2969 165 3018 bis
184 2972 212 3017 et
229 2981 285 3032 pes.
352 2969 411 3018 429.
430 2967 505 3032 Virg.
525 2965 594 3016 Aen.
612 2969 648 3028 11,
668 2970 718 3020 368
832 2981 837 2990 ·

384 3077 387 3082 .
476 3059 509 3068 -
528 3035 698 3086 -orudelis
716 3036 818 3100 ubique

240 3099 345 3152 Lautus
363 3102 465 3166 ubique
483 3116 572 3166 peuor
589 3107 618 3151 et
636 3101 753 3167 plurima
771 3104 867 3154 mortis
885 3105 977 3170 imago

116 3167 179 3221 432.
199 3172 292 3218 textus
310 3169 423 3234 praebet
441 3168 580 3232 romphea,
597 3169 615 3219 i.
635 3185 657 3225 e.
675 3169 843 3235 rhomphaea
861 3186 910 3236 pro
929 3186 984 3236 qua
1002 3172 1093 3223 forme

117 3234 264 3300 posuimus
283 3236 398 3286 latinam
415 3235 532 3286 formam
551 3237 666 3300 rumpia.
727 3239 785 3291 433.
803 3237 878 3304 Virg.
897 3241 966 3289 Aen.
985 3239 1022 3302 11,
1040 3241 1090 3290 341

111 3302 281 3368 juvenisque
309 3303 458 3354 Coroebus.
511 3302 627 3354 Penelei
655 3304 758 3355 dextre.
881 3307 940 3360 437.
966 3322 988 3358 e.
1013 3307 1089 3372 Virg.

116 3371 188 3422 Aen.
206 3368 243 3429 11,
260 3371 310 3420 428
380 3396 412 3405 -
430 3394 462 3405 —-
481 3375 596 3433 pereunt
614 3370 790 3436 Hypanisque
809 3371 971 3439 Dymasque

341 3435 448 3489 confixi
466 3453 483 3486 a
501 3437 588 3486 sociis

116 3504 262 3569 posuimus
279 3519 328 3570 pru
347 3505 434 3555 nostri
452 3503 538 3554 eodie.
560 3504 744 3571 Hispanisque
764 3507 916 3573 (lunasque.
966 3534 969 3537 -
