2616 4000
418 235 423 243 ‘
452 232 514 286 Lib.
535 233 578 286 Vi.
614 247 639 282 v.
659 234 802 284 sta—stt.

184 385 324 448 Promisit
347 395 464 461 tempus
488 393 588 445 nostra
611 386 726 447 marina
750 386 870 464 quintus.

143 472 242 532 niente
264 479 364 530 tamen
386 469 497 536 tumida
521 476 655 546 cogente,
680 470 819 548 superbia
844 475 954 532 mansit

186 555 337 615 Materiam
361 552 444 614 muiti
467 555 668 631 compositura
691 555 771 615 maii.

143 640 279 700 Nascitur
300 641 380 698 inter
403 657 454 699 eos
476 655 596 707 rancor,
619 647 728 708 tumor,
751 642 809 710 ira,'
829 640 972 712 simultas,
1060 653 1110 702 815

184 724 315 784 Invidiae
338 725 463 792 facinus,
488 740 555 783 cum
572 723 695 783 ienitate
720 723 814 785 dolus.

142 809 277 886 Denique
301 811 481 868 conveniunt
503 806 570 866 lites
592 807 726 868 acuendo
750 808 925 871 Corinthum

185 891 369 953 inmemores
391 891 543 971 propriant
570 893 614 951 rix
637 894 771 970 tetigisse
793 894 922 965 domum,
1016 911 1020 920 ’

143 977 181 1037 Ει
202 977 260 1037 nisi
282 976 424 1038 Nestorea
449 993 553 1053 pacem
577 977 697 1037 suadela
720 987 844 1046 crearet,

189 1061 299 1122 Fessus
323 1081 354 1122 se
376 1043 503 1141 popuius
525 1063 556 1120 in
581 1079 655 1120 nova
679 1061 755 1123 belia
778 1061 872 1123 daret.
1062 1075 1113 1124 820

145 1145 179 1205 ia
203 1163 255 1205 sna
278 1147 400 1206 victoria
423 1163 585 1206 conversus
608 1149 720 1206 viscera
743 1147 824 1207 terro

188 1230 292 1290 Festus
315 1232 468 1291 consuevit
491 1239 533 1290 tot
555 1246 700 1308 generare
724 1229 808 1291 maia:

143 1314 204 1376 Nee
227 1316 291 1375 siue
312 1313 429 1393 jactura
450 1314 602 1378 Menelaus
625 1317 745 1376 taedere
767 1315 855 1376 ioedo

187 1398 287 1460 Foede
311 1399 446 1460 foedatus
468 1401 500 1459 in
523 1416 576 1459 sua
599 1417 692 1478 regna
714 1401 808 1471 redit;

143 1482 258 1544 Rumor
280 1485 311 1554 it,
336 1492 365 1544 et
387 1501 527 1562 magnum
550 1483 740 1546 sermonibus
762 1495 888 1562 occupat
911 1485 1024 1560 orbem,
1063 1497 1112 1547 825
1223 1559 1225 1562 ¹

186 1566 261 1629 Dum
285 1585 359 1645 quae
382 1571 568 1646 contigerant
590 1565 674 1628 orbis
693 1571 724 1628 in
747 1587 819 1630 aure
841 1581 961 1630 sonant:

143 1651 237 1721 Quam
262 1653 343 1714 Paris
366 1651 536 1722 abstulerat,
561 1661 590 1714 et
611 1670 667 1732 pre
689 1671 747 1732 qua
771 1653 903 1714 Graecia
918 1663 976 1715 tota

187 1736 243 1797 Per
266 1736 360 1797 denos
379 1754 472 1798 annos
494 1737 607 1816 proelia
630 1740 730 1808 movit,
755 1737 850 1799 adest!

144 1823 243 1883 Patria
268 1826 421 1884 concurrit
444 1821 500 1882 hac
522 1840 577 1902 pro
601 1819 729 1882 mutiero
752 1823 886 1894 videnda,

186 1905 231 1966 ot
253 1924 342 1984 quarn
365 1915 409 1968 tot
430 1924 581 1986 proceres,
605 1912 649 1966 tot
669 1907 788 1985 periere
810 1907 911 1969 duces.
1058 1919 1109 1970 830

144 1990 281 2060 Quamvis
302 1991 427 2069 pulchra
449 1992 538 2060 soret,
562 1992 674 2056 dicunt.
699 1993 769 2071 quia
791 1991 878 2052 foeda
900 1994 1005 2054 suisset

186 2074 276 2135 Passa
298 2077 490 2154 peregrinum
513 2083 619 2156 sponte
641 2074 798 2156 libensque
820 2077 925 2144 vlrurn,

145 2159 211 2220 Non
234 2177 266 2220 se
290 2157 455 2221 debuerant
477 2164 506 2222 in
530 2168 655 2221 mortem
677 2178 733 2238 pro
756 2158 880 2222 muiiere

189 2243 248 2303 iam
271 2246 368 2325 turpis
388 2247 485 2306 tamne
506 2244 597 2306 millia
621 2251 701 2305 tanta
725 2244 805 2307 dare.

144 2329 206 2389 Nec
229 2335 345 2407 poterat
367 2330 511 2390 muudum
533 2329 661 2410 Trojano
682 2331 769 2391 ruina
791 2329 895 2405 latere,
1063 2341 1113 2392 83⁴5

190 2413 324 2492 Undique
346 2415 423 2475 tama
446 2413 533 2484 votat,
557 2413 645 2493 Troja
668 2433 722 2493 per
745 2432 797 2475 ora
820 2414 908 2474 iubat.

143 2497 291 2558 Mirantur
312 2501 483 2579 quicunque
506 2497 603 2561 soient
624 2499 739 2560 ratione
760 2500 867 2578 potiri:

187 2581 342 2644 Narrantis
364 2583 472 2664 conjux
494 2584 605 2663 pendet
626 2583 663 2643 ab
685 2601 738 2644 ore
761 2585 823 2643 viri.

145 2666 243 2746 troja,
267 2667 376 2736 ierunt,
401 2668 516 2739 cecidit,
540 2687 628 2747 qnam
651 2666 744 2744 gioria
767 2667 845 2728 celsa
867 2665 983 2737 levavit,

187 2751 373 2830 Magnificum
397 2771 486 2832 saepe
508 2764 618 2814 nomen
640 2751 677 2814 ad
699 2759 778 2813 astra
801 2750 876 2813 tulit.
1062 2759 1114 2811 840

145 2836 259 2910 Quanta
282 2845 450 2914 potentatus
471 2838 582 2899 tuerint
603 2838 730 2912 insignia
753 2836 861 2916 Trojae

98 2971 101 2977 ,
187 2921 249 2980 Neo
271 2921 397 2982 facunda
421 2928 518 3002 potest
539 2938 679 3001 promere
701 2918 800 3000 lingua
823 2915 911 2982 bene}

145 3005 217 3084 Ejus
239 3005 436 3068 inhorrebant
459 3006 557 3067 audito
581 3007 700 3068 nomine
724 3023 821 3082 reges,

190 3087 259 3166 Ejus
281 3091 317 3151 ad
341 3092 499 3172 imperium
522 3100 732 3152 contremuere
755 3091 861 3161 ducem

164 3241 171 3246 .
188 3241 283 3250 .--,-
294 3245 313 3252 -,
335 3246 340 3254 ,

5 3305 9 3312 ’
82 3376 90 3388 ,
214 3304 718 3384 825.0vi‹tiieatttetam.vl,147.
794 3327 853 3379 aaa.
872 3327 914 3378 aa.
933 3326 984 3378 ov.
1002 3325 1070 3376 uer.
1089 3327 1113 3390 1,

145 3396 186 3448 29.
204 3395 245 3445 30.
315 3393 449 3446 Mirantur
463 3394 587 3460 justique
606 3408 694 3456 senes,
712 3393 890 3460 trepidaeque
909 3392 1035 3458 puellae:

349 3461 493 3513 Narrantis
511 3461 612 3527 conjux
630 3460 732 3529 pendet
751 3462 786 3512 ab
805 3475 852 3512 ore
871 3462 931 3512 viri.
960 3489 962 3494 ·

31 3565 46 3582 .
143 3530 203 3583 838.
223 3527 290 3582 Cod.
310 3527 460 3592 Gonjnnnx.

859 3613 909 3665 1³*
