2616 4000
441 191 503 242 ran.
522 191 570 242 vr.
605 207 631 243 v.
649 191 793 242 uer-sse.
1035 170 1095 256 1831

129 345 278 422 Coeperat
301 352 329 403 ot
346 343 468 412 ,Priamo
490 344 605 422 siguum
629 341 839 423 splendescere
863 347 982 422 nigrum

152 455 156 461 ¹
175 429 210 488 Et
231 434 345 506 portam
369 426 457 488 turba
478 425 537 506 jam
561 427 694 488 subitura
717 429 806 494 ioretz

129 514 264 572 Antenor
287 511 369 574 duxit
391 514 423 572 in
446 511 523 574 celsa
546 511 651 590 palatia
673 511 835 590 Pyrrhum;

175 593 261 656 Tunc
283 597 384 656 luerat
406 596 487 661 ferro
510 597 623 658 cinctus
646 596 761 674 etipse
783 597 859 656 lero.

127 679 195 740 Non
218 681 290 741 sinit
311 683 425 741 interea
448 681 581 761 Pyrrhus
603 681 735 742 dormire
758 699 942 751 mucronem,
1045 692 1095 740 465

175 763 287 825 Sternit
308 783 382 844 quos
404 765 499 826 media
523 767 669 845 conspicit
690 767 734 826 ire
757 767 813 826 via

127 849 219 912 lanua
242 849 351 927 regalis
373 857 485 910 temere
508 850 646 912 convulsa
669 848 796 910 tumultu

173 933 386 1014 Horrendaque
409 933 504 1014 replet
527 937 675 1018 anxietate
699 934 829 994 domum.

128 1019 253 1080 Excitus
275 1019 310 1078 ad
335 1020 489 1098 strepitum
512 1019 671 1097 longaevus
693 1017 811 1078 anhelat
833 1017 868 1080 ad
892 1035 987 1079 arma:

172 1105 259 1164 Arma
283 1102 391 1182 qulbus
413 1121 516 1182 pacem
539 1103 664 1163 duxerat
685 1104 750 1180 ipse
772 1102 833 1163 diu.
1044 1110 1111 1160 470.

7 1201 8 1234 i
56 1243 59 1250 i
127 1187 271 1250 Armandi
293 1187 411 1248 Priamo
434 1188 516 1247 deest
539 1188 632 1265 copia,
657 1187 741 1266 copia
765 1198 842 1246 vero

172 1271 293 1331 insueto
315 1278 431 1350 poterat
449 1270 528 1331 utilis
550 1273 614 1332 esse
637 1273 747 1331 minus.

129 1353 188 1425 Oui
210 1355 315 1416 mediis
338 1364 492 1434 postquam
515 1354 595 1415 videt
617 1359 648 1415 in
670 1353 875 1432 penetralibus
897 1354 1011 1415 hostem
1096 1413 1100 1428 ,

173 1439 308 1514 Remigio
331 1439 426 1499 credit
448 1438 608 1501 devolitare
630 1439 750 1519 pedum.

126 1522 196 1582 Ales
218 1522 387 1601 perdiderat
410 1541 524 1602 pennas
547 1523 664 1584 iurante
686 1531 816 1592 senecta,
1044 1531 1094 1580 475

172 1607 292 1668 l'urtivo
314 1606 448 1685 graditur
470 1609 614 1686 temporis
636 1625 707 1668 aura
730 1607 816 1684 pade.

128 1689 196 1751 Non
219 1689 307 1768 longe
329 1693 410 1752 stetit
432 1709 482 1752 ara
504 1692 596 1760 lovis:
621 1693 667 1751 vix
690 1691 814 1767 contigit
835 1688 914 1750 illam

173 1773 233 1834 ilex
257 1782 337 1836 ratus
359 1775 461 1836 auxilii
484 1773 594 1836 lercula
617 1775 697 1836 serre
719 1774 852 1849 lovema

91 1903 96 1908 .
125 1858 302 1937 insequitur
324 1859 461 1940 Pyrrhus
484 1867 512 1919 et
534 1859 569 1918 ad
593 1876 674 1918 aram
698 1858 780 1918 crine
802 1866 967 1918 retractum

171 1941 228 2002 Per
249 1943 360 2004 laeuam
382 1942 478 2020 rigido
501 1942 620 2020 persedit
641 1960 711 2003 ense
726 1959 846 2002 senem.
1043 1951 1096 2000 480

127 2027 183 2086 Hic
206 2027 273 2087 finis
295 2027 414 2096 Priami,
438 2029 480 2087 sic
503 2027 604 2087 taedas
626 2027 753 2105 turpiter
776 2035 856 2086 actas

172 2110 367 2190 Ledaeasque
389 2111 444 2170 luit
466 2111 581 2170 exitiale
604 2110 697 2170 nelos.

432 2255 620 2325 [succorum
638 2255 793 2324 rueme]

131 2376 255 2438 Hecuba
278 2387 389 2439 moesta
412 2378 487 2454 lugit
510 2379 704 2457 sequiturque
726 2375 873 2457 Polyxena
895 2386 1029 2448 matrem,

174 2461 234 2520 lam
258 2463 383 2522 credunt
405 2462 510 2522 ambae
532 2464 711 2522 sustinuisse
733 2480 846 2522 necem.
948 2493 951 2498 ·

133 2550 249 2606 deneas
272 2547 404 2607 occurrit
426 2546 476 2615 eis,
500 2564 518 2605 o
541 2545 612 2606 tirel
635 2543 734 2624 puella
771 2611 775 2618 ⁸
802 2595 804 2597 .
1045 2556 1096 2605 485

176 2629 233 2688 ista
256 2636 307 2689 tuo
330 2631 407 2690 vivat
427 2647 561 2700 munere,
585 2637 679 2688 mater
701 2631 757 2701 ait;

129 2713 236 2774 Omnia
259 2713 454 2792 perdidimus,
479 2712 682 2774 tautummodo
706 2713 763 2773 vita
787 2713 888 2774 relicta
913 2722 965 2782 est,

171 2795 315 2857 Praebeat
337 2805 369 2858 ut
391 2815 510 2858 sensum
534 2797 748 2872 materiamque
770 2795 854 2856 mali:

130 2931 299 2943 ·-¹.---==.----...—b
307 2935 333 2940 .,...

195 2997 255 3049 461.
272 2997 375 3061 Margo.
394 2997 586 3062 splendescere
606 3001 719 3062 propter
730 2998 837 3063 ignem,
856 2998 963 3062 nigrum
982 3003 1095 3064 propter

96 3103 100 3107 ⁷
126 3069 284 3129 corruptam
307 3066 495 3119 intentionem,
589 3067 647 3114 473.
666 3065 742 3128 Virg.
761 3063 828 3113 Aen.
847 3065 890 3126 ΙΙ,
911 3065 969 3116 508.

161 3129 168 3136 “
335 3138 362 3182 et
381 3133 499 3182 medium
516 3134 545 3182 in
564 3131 755 3196 penetralibus
774 3129 890 3181 hostem.

124 3201 186 3250 479.
204 3199 281 3264 virg.
299 3197 367 3254 Aen,
385 3200 421 3262 11,
440 3201 497 3250 550.
516 3202 573 3252 551.
592 3201 650 3251 553.

332 3293 364 3302 -
381 3293 413 3302 -
432 3291 464 3302 -
484 3266 583 3317 calteria
603 3266 716 3331 adipso
734 3269 893 3315 trementem

247 3331 343 3383 Traxit
448 3342 451 3348 '
516 3341 517 3344 ’

332 3416 365 3450 oc
383 3401 467 3450 lateri
486 3400 684 3466 capulotenus
703 3397 809 3449 abdidit
829 3414 931 3450 ensem.

126 3467 190 3532 481„
210 3467 287 3532 Vir-g.
304 3469 374 3522 Aen.
393 3469 429 3530 11,
447 3469 505 3518 555.
523 3468 594 3517 haee
611 3467 673 3518 finis
690 3466 793 3518 Priami
812 3467 939 3521 fetorum.
