<?xml version="1.0" encoding="UTF-8"?>
<!DOCTYPE html PUBLIC "-//W3C//DTD XHTML 1.0 Transitional//EN"
    "http://www.w3.org/TR/xhtml1/DTD/xhtml1-transitional.dtd">
<html xmlns="http://www.w3.org/1999/xhtml" xml:lang="en" lang="en">
 <head>
  <title>
</title>
<meta http-equiv="Content-Type" content="text/html;charset=utf-8" />
  <meta name='ocr-system' content='tesseract 3.04.00' />
  <meta name='ocr-capabilities' content='ocr_page ocr_carea ocr_par ocr_line ocrx_word'/>
</head>
<body>
  <div class='ocr_page' id='page_1' title='image "./troilusalbertis00albegoog_0118.png"; bbox 0 0 2618 3984; ppageno 0'>
   <div class='ocr_carea' id='block_1_1' title="bbox 408 165 1121 260">
    <p class='ocr_par' dir='ltr' id='par_1_1' title="bbox 408 165 1121 260">
     <span class='ocr_line' id='line_1_1' title="bbox 408 165 1121 260; baseline 0.021 -24"><span class='ocrx_word' id='word_1_1' title='bbox 408 165 777 244; x_wconf 48' lang='lat' dir='ltr'>mmmmm</span> <span class='ocrx_word' id='word_1_2' title='bbox 1042 186 1121 260; x_wconf 59' lang='lat' dir='ltr'>bd</span> 
     </span>
    </p>
   </div>
   <div class='ocr_carea' id='block_1_2' title="bbox 115 355 1084 672">
    <p class='ocr_par' dir='ltr' id='par_1_2' title="bbox 115 355 919 521">
     <span class='ocr_line' id='line_1_2' title="bbox 115 355 919 434; baseline 0.001 -17"><span class='ocrx_word' id='word_1_3' title='bbox 115 355 177 417; x_wconf 90' lang='lat' dir='ltr'>Nos</span> <span class='ocrx_word' id='word_1_4' title='bbox 199 374 271 434; x_wconf 83' lang='lat' dir='ltr'>ergo</span> <span class='ocrx_word' id='word_1_5' title='bbox 293 356 463 418; x_wconf 79' lang='lat' dir='ltr'>studeamus</span> <span class='ocrx_word' id='word_1_6' title='bbox 485 356 521 417; x_wconf 87' lang='lat' dir='ltr'>ad</span> <span class='ocrx_word' id='word_1_7' title='bbox 545 357 602 417; x_wconf 87' lang='lat' dir='ltr'>hoo</span> <span class='ocrx_word' id='word_1_8' title='bbox 625 366 657 417; x_wconf 88' lang='lat' dir='ltr'>ut</span> <span class='ocrx_word' id='word_1_9' title='bbox 679 355 755 416; x_wconf 91' lang='lat' dir='ltr'>bella</span> <span class='ocrx_word' id='word_1_10' title='bbox 778 357 919 428; x_wconf 83' lang='lat' dir='ltr'>residant,</span> 
     </span>
     <span class='ocr_line' id='line_1_3' title="bbox 157 441 871 521; baseline 0.001 -19"><span class='ocrx_word' id='word_1_11' title='bbox 157 441 327 519; x_wconf 85' lang='lat' dir='ltr'>Pugnantes</span> <span class='ocrx_word' id='word_1_12' title='bbox 348 443 484 512; x_wconf 82' lang='lat' dir='ltr'>redeant,</span> <span class='ocrx_word' id='word_1_13' title='bbox 507 441 625 504; x_wconf 88' lang='lat' dir='ltr'>domata</span> <span class='ocrx_word' id='word_1_14' title='bbox 648 449 733 520; x_wconf 82' lang='lat' dir='ltr'>grata</span> <span class='ocrx_word' id='word_1_15' title='bbox 755 450 871 521; x_wconf 90' lang='lat' dir='ltr'>petant:</span> 
     </span>
    </p>

    <p class='ocr_par' dir='ltr' id='par_1_3' title="bbox 116 522 1084 672">
     <span class='ocr_line' id='line_1_4' title="bbox 116 522 1084 605; baseline 0.002 -20"><span class='ocrx_word' id='word_1_16' title='bbox 116 522 264 604; x_wconf 85' lang='lat' dir='ltr'><strong>Quidquid</strong></span> <span class='ocrx_word' id='word_1_17' title='bbox 288 524 416 588; x_wconf 79' lang='lat' dir='ltr'>delirant</span> <span class='ocrx_word' id='word_1_18' title='bbox 438 544 541 603; x_wconf 81' lang='lat' dir='ltr'>reges:</span> <span class='ocrx_word' id='word_1_19' title='bbox 564 525 735 605; x_wconf 88' lang='lat' dir='ltr'>plectuntur</span> <span class='ocrx_word' id='word_1_20' title='bbox 757 526 867 596; x_wconf 83' lang='lat' dir='ltr'>Achivi,</span> <span class='ocrx_word' id='word_1_21' title='bbox 1033 538 1084 588; x_wconf 80' lang='lat'>825</span> 
     </span>
     <span class='ocr_line' id='line_1_5' title="bbox 158 608 769 672; baseline 0.002 -3"><span class='ocrx_word' id='word_1_22' title='bbox 158 608 248 671; x_wconf 84' lang='lat' dir='ltr'>Plebs</span> <span class='ocrx_word' id='word_1_23' title='bbox 270 611 360 672; x_wconf 89' lang='lat' dir='ltr'>instat</span> <span class='ocrx_word' id='word_1_24' title='bbox 383 610 452 672; x_wconf 91' lang='lat' dir='ltr'>belli</span> <span class='ocrx_word' id='word_1_25' title='bbox 473 612 590 672; x_wconf 84' lang='lat' dir='ltr'>sarcina</span> <span class='ocrx_word' id='word_1_26' title='bbox 615 619 676 672; x_wconf 89' lang='lat' dir='ltr'>tota</span> <span class='ocrx_word' id='word_1_27' title='bbox 700 609 769 670; x_wconf 87' lang='lat' dir='ltr'>tibi!</span> 
     </span>
    </p>
   </div>
   <div class='ocr_carea' id='block_1_3' title="bbox 217 756 976 844">
    <p class='ocr_par' dir='ltr' id='par_1_4' title="bbox 217 756 976 844">
     <span class='ocr_line' id='line_1_6' title="bbox 217 756 976 844; baseline 0.007 -34"><span class='ocrx_word' id='word_1_28' title='bbox 217 756 394 812; x_wconf 83' lang='lat' dir='ltr'><strong>ACHILLES</strong></span> <span class='ocrx_word' id='word_1_29' title='bbox 412 757 555 814; x_wconf 78' lang='lat' dir='ltr'>DUCTUS</span> <span class='ocrx_word' id='word_1_30' title='bbox 573 757 702 820; x_wconf 80' lang='lat' dir='ltr'><strong>AMORE</strong></span> <span class='ocrx_word' id='word_1_31' title='bbox 721 758 800 813; x_wconf 90' lang='lat' dir='ltr'>NON</span> <span class='ocrx_word' id='word_1_32' title='bbox 817 757 976 844; x_wconf 76' lang='lat' dir='ltr'>PuttNAr.</span> 
     </span>
    </p>
   </div>
   <div class='ocr_carea' id='block_1_4' title="bbox 68 862 1139 3209">
    <p class='ocr_par' dir='ltr' id='par_1_5' title="bbox 68 862 904 2191">
     <span class='ocr_line' id='line_1_7' title="bbox 117 862 813 942; baseline -0.001 -18"><span class='ocrx_word' id='word_1_33' title='bbox 117 862 283 925; x_wconf 82' lang='lat' dir='ltr'>Concessus</span> <span class='ocrx_word' id='word_1_34' title='bbox 303 865 370 942; x_wconf 85' lang='lat' dir='ltr'>paci</span> <span class='ocrx_word' id='word_1_35' title='bbox 394 862 560 940; x_wconf 87' lang='lat' dir='ltr'>completur</span> <span class='ocrx_word' id='word_1_36' title='bbox 582 863 712 926; x_wconf 83' lang='lat' dir='ltr'>circulus</span> <span class='ocrx_word' id='word_1_37' title='bbox 735 865 813 936; x_wconf 89' lang='lat' dir='ltr'>anni,</span> 
     </span>
     <span class='ocr_line' id='line_1_8' title="bbox 158 946 823 1028; baseline 0.006 -22"><span class='ocrx_word' id='word_1_38' title='bbox 158 946 201 1006; x_wconf 82' lang='lat' dir='ltr'>Ad</span> <span class='ocrx_word' id='word_1_39' title='bbox 225 956 361 1010; x_wconf 87' lang='lat' dir='ltr'>centrum</span> <span class='ocrx_word' id='word_1_40' title='bbox 384 946 455 1009; x_wconf 93' lang='lat' dir='ltr'>belli</span> <span class='ocrx_word' id='word_1_41' title='bbox 478 966 546 1009; x_wconf 85' lang='lat' dir='ltr'>mox</span> <span class='ocrx_word' id='word_1_42' title='bbox 567 955 748 1028; x_wconf 92' lang='lat' dir='ltr'>properatur</span> <span class='ocrx_word' id='word_1_43' title='bbox 770 949 823 1010; x_wconf 86' lang='lat' dir='ltr'>ibi.</span> 
     </span>
     <span class='ocr_line' id='line_1_9' title="bbox 114 1031 865 1107; baseline 0.001 -13"><span class='ocrx_word' id='word_1_44' title='bbox 114 1033 244 1107; x_wconf 83' lang='lat' dir='ltr'>Graecos</span> <span class='ocrx_word' id='word_1_45' title='bbox 267 1033 367 1093; x_wconf 81' lang='lat' dir='ltr'>educit</span> <span class='ocrx_word' id='word_1_46' title='bbox 389 1031 562 1094; x_wconf 86' lang='lat' dir='ltr'>Palamedes</span> <span class='ocrx_word' id='word_1_47' title='bbox 586 1042 615 1094; x_wconf 87' lang='lat' dir='ltr'>et</span> <span class='ocrx_word' id='word_1_48' title='bbox 636 1041 739 1093; x_wconf 86' lang='lat' dir='ltr'>mouet</span> <span class='ocrx_word' id='word_1_49' title='bbox 761 1051 865 1095; x_wconf 87' lang='lat' dir='ltr'>omnes</span> 
     </span>
     <span class='ocr_line' id='line_1_10' title="bbox 156 1115 904 1196; baseline 0.004 -19"><span class='ocrx_word' id='word_1_50' title='bbox 156 1115 251 1177; x_wconf 88' lang='lat' dir='ltr'>Caede</span> <span class='ocrx_word' id='word_1_51' title='bbox 276 1134 383 1179; x_wconf 85' lang='lat' dir='ltr'>necare</span> <span class='ocrx_word' id='word_1_52' title='bbox 405 1134 521 1187; x_wconf 83' lang='lat' dir='ltr'>necem,</span> <span class='ocrx_word' id='word_1_53' title='bbox 545 1126 643 1178; x_wconf 90' lang='lat' dir='ltr'>morte</span> <span class='ocrx_word' id='word_1_54' title='bbox 666 1118 769 1195; x_wconf 81' lang='lat' dir='ltr'>fugare</span> <span class='ocrx_word' id='word_1_55' title='bbox 792 1119 904 1196; x_wconf 82' lang='lat' dir='ltr'>lugam.</span> 
     </span>
     <span class='ocr_line' id='line_1_11' title="bbox 114 1200 903 1281; baseline 0.005 -21"><span class='ocrx_word' id='word_1_56' title='bbox 114 1200 288 1279; x_wconf 84' lang='lat' dir='ltr'>Deiphobus</span> <span class='ocrx_word' id='word_1_57' title='bbox 309 1202 455 1281; x_wconf 77' lang='lat' dir='ltr'>Phrygios</span> <span class='ocrx_word' id='word_1_58' title='bbox 478 1204 632 1272; x_wconf 88' lang='lat' dir='ltr'>instaurat,</span> <span class='ocrx_word' id='word_1_59' title='bbox 656 1204 706 1262; x_wconf 87' lang='lat' dir='ltr'>eui</span> <span class='ocrx_word' id='word_1_60' title='bbox 727 1201 903 1264; x_wconf 86' lang='lat' dir='ltr'>Palamedes</span> 
     </span>
     <span class='ocr_line' id='line_1_12' title="bbox 157 1284 744 1366; baseline 0.003 -21"><span class='ocrx_word' id='word_1_61' title='bbox 157 1284 262 1346; x_wconf 82' lang='lat' dir='ltr'>Obviat</span> <span class='ocrx_word' id='word_1_62' title='bbox 278 1295 314 1347; x_wconf 87' lang='lat' dir='ltr'>et</span> <span class='ocrx_word' id='word_1_63' title='bbox 337 1286 433 1347; x_wconf 90' lang='lat' dir='ltr'>valide</span> <span class='ocrx_word' id='word_1_64' title='bbox 457 1286 625 1366; x_wconf 86' lang='lat' dir='ltr'>dejiciendo</span> <span class='ocrx_word' id='word_1_65' title='bbox 648 1295 744 1347; x_wconf 91' lang='lat' dir='ltr'>neoat.</span> 
     </span>
     <span class='ocr_line' id='line_1_13' title="bbox 113 1367 849 1450; baseline 0.005 -21"><span class='ocrx_word' id='word_1_66' title='bbox 113 1369 146 1430; x_wconf 91' lang='lat' dir='ltr'>ln</span> <span class='ocrx_word' id='word_1_67' title='bbox 169 1367 281 1430; x_wconf 90' lang='lat' dir='ltr'>bellum</span> <span class='ocrx_word' id='word_1_68' title='bbox 303 1388 362 1430; x_wconf 89' lang='lat' dir='ltr'>non</span> <span class='ocrx_word' id='word_1_69' title='bbox 385 1371 540 1450; x_wconf 89' lang='lat' dir='ltr'>prodierat</span> <span class='ocrx_word' id='word_1_70' title='bbox 561 1371 698 1432; x_wconf 90' lang='lat' dir='ltr'>turbatus</span> <span class='ocrx_word' id='word_1_71' title='bbox 720 1370 849 1433; x_wconf 81' lang='lat' dir='ltr'>Achilles</span> 
     </span>
     <span class='ocr_line' id='line_1_14' title="bbox 157 1453 894 1517; baseline 0.007 -5"><span class='ocrx_word' id='word_1_72' title='bbox 157 1453 293 1516; x_wconf 76' lang='lat' dir='ltr'>Pectoris</span> <span class='ocrx_word' id='word_1_73' title='bbox 315 1457 347 1515; x_wconf 95' lang='lat' dir='ltr'>in</span> <span class='ocrx_word' id='word_1_74' title='bbox 371 1473 488 1517; x_wconf 83' lang='lat' dir='ltr'>camera</span> <span class='ocrx_word' id='word_1_75' title='bbox 511 1454 616 1517; x_wconf 89' lang='lat' dir='ltr'>vulnus</span> <span class='ocrx_word' id='word_1_76' title='bbox 638 1458 749 1517; x_wconf 89' lang='lat' dir='ltr'>amoris</span> <span class='ocrx_word' id='word_1_77' title='bbox 772 1455 894 1517; x_wconf 88' lang='lat' dir='ltr'>babens.</span> 
     </span>
     <span class='ocr_line' id='line_1_15' title="bbox 111 1535 892 1619; baseline 0.005 -23"><span class='ocrx_word' id='word_1_78' title='bbox 111 1535 217 1616; x_wconf 85' lang='lat' dir='ltr'>Pugna</span> <span class='ocrx_word' id='word_1_79' title='bbox 239 1546 337 1600; x_wconf 87' lang='lat' dir='ltr'>tamen</span> <span class='ocrx_word' id='word_1_80' title='bbox 359 1542 453 1618; x_wconf 85' lang='lat' dir='ltr'>surgit</span> <span class='ocrx_word' id='word_1_81' title='bbox 474 1542 630 1611; x_wconf 85' lang='lat' dir='ltr'>acerrima,</span> <span class='ocrx_word' id='word_1_82' title='bbox 654 1541 778 1619; x_wconf 85' lang='lat' dir='ltr'>spionia,</span> <span class='ocrx_word' id='word_1_83' title='bbox 802 1543 892 1617; x_wconf 82' lang='lat' dir='ltr'>conti,</span> 
     </span>
     <span class='ocr_line' id='line_1_16' title="bbox 156 1621 848 1692; baseline 0.004 -10"><span class='ocrx_word' id='word_1_84' title='bbox 156 1621 249 1682; x_wconf 85' lang='lat' dir='ltr'>Enses</span> <span class='ocrx_word' id='word_1_85' title='bbox 270 1641 302 1683; x_wconf 90' lang='lat' dir='ltr'>se</span> <span class='ocrx_word' id='word_1_86' title='bbox 326 1621 462 1692; x_wconf 86' lang='lat' dir='ltr'>densant,</span> <span class='ocrx_word' id='word_1_87' title='bbox 486 1624 609 1684; x_wconf 88' lang='lat' dir='ltr'>vulnera</span> <span class='ocrx_word' id='word_1_88' title='bbox 631 1623 712 1684; x_wconf 90' lang='lat' dir='ltr'>mille</span> <span class='ocrx_word' id='word_1_89' title='bbox 735 1633 848 1686; x_wconf 88' lang='lat' dir='ltr'>creant.</span> 
     </span>
     <span class='ocr_line' id='line_1_17' title="bbox 113 1705 752 1778; baseline 0.002 -12"><span class='ocrx_word' id='word_1_90' title='bbox 113 1706 245 1766; x_wconf 83' lang='lat' dir='ltr'>Credatis</span> <span class='ocrx_word' id='word_1_91' title='bbox 267 1705 369 1776; x_wconf 91' lang='lat' dir='ltr'>multa,</span> <span class='ocrx_word' id='word_1_92' title='bbox 393 1707 533 1768; x_wconf 90' lang='lat' dir='ltr'>simillia</span> <span class='ocrx_word' id='word_1_93' title='bbox 555 1708 623 1768; x_wconf 85' lang='lat' dir='ltr'>dieo</span> <span class='ocrx_word' id='word_1_94' title='bbox 645 1711 752 1778; x_wconf 89' lang='lat' dir='ltr'>ruisse,</span> 
     </span>
     <span class='ocr_line' id='line_1_18' title="bbox 154 1788 820 1871; baseline 0.003 -21"><span class='ocrx_word' id='word_1_95' title='bbox 154 1788 247 1850; x_wconf 87' lang='lat' dir='ltr'>Millia</span> <span class='ocrx_word' id='word_1_96' title='bbox 269 1797 313 1850; x_wconf 89' lang='lat' dir='ltr'>tot</span> <span class='ocrx_word' id='word_1_97' title='bbox 334 1791 442 1850; x_wconf 91' lang='lat' dir='ltr'>totiens</span> <span class='ocrx_word' id='word_1_98' title='bbox 465 1793 530 1871; x_wconf 87' lang='lat' dir='ltr'>quis</span> <span class='ocrx_word' id='word_1_99' title='bbox 553 1792 697 1852; x_wconf 83' lang='lat' dir='ltr'>cecidisse</span> <span class='ocrx_word' id='word_1_100' title='bbox 719 1794 820 1871; x_wconf 76' lang='lat' dir='ltr'>putet?</span> 
     </span>
     <span class='ocr_line' id='line_1_19' title="bbox 112 1871 863 1955; baseline 0.007 -23"><span class='ocrx_word' id='word_1_101' title='bbox 112 1873 169 1933; x_wconf 86' lang='lat' dir='ltr'>Vix</span> <span class='ocrx_word' id='word_1_102' title='bbox 192 1871 269 1934; x_wconf 86' lang='lat' dir='ltr'>bene</span> <span class='ocrx_word' id='word_1_103' title='bbox 292 1874 430 1950; x_wconf 88' lang='lat' dir='ltr'>credetis,</span> <span class='ocrx_word' id='word_1_104' title='bbox 453 1874 505 1937; x_wconf 91' lang='lat' dir='ltr'>sed</span> <span class='ocrx_word' id='word_1_105' title='bbox 528 1876 656 1947; x_wconf 88' lang='lat' dir='ltr'>credite;</span> <span class='ocrx_word' id='word_1_106' title='bbox 679 1884 724 1936; x_wconf 91' lang='lat' dir='ltr'>tot</span> <span class='ocrx_word' id='word_1_107' title='bbox 746 1878 863 1955; x_wconf 90' lang='lat' dir='ltr'>periere</span> 
     </span>
     <span class='ocr_line' id='line_1_20' title="bbox 68 1956 801 2027; baseline 0.007 -11"><span class='ocrx_word' id='word_1_108' title='bbox 68 1975 73 1988; x_wconf 86' lang='grc'>’</span> <span class='ocrx_word' id='word_1_109' title='bbox 155 1956 233 2027; x_wconf 86' lang='lat' dir='ltr'>Quot</span> <span class='ocrx_word' id='word_1_110' title='bbox 256 1975 384 2019; x_wconf 88' lang='lat' dir='ltr'>numero</span> <span class='ocrx_word' id='word_1_111' title='bbox 406 1977 465 2019; x_wconf 92' lang='lat' dir='ltr'>non</span> <span class='ocrx_word' id='word_1_112' title='bbox 489 1967 533 2020; x_wconf 90' lang='lat' dir='ltr'>est</span> <span class='ocrx_word' id='word_1_113' title='bbox 554 1961 705 2021; x_wconf 89' lang='lat' dir='ltr'>intitulare</span> <span class='ocrx_word' id='word_1_114' title='bbox 728 1960 801 2021; x_wconf 90' lang='lat' dir='ltr'>leve.</span> 
     </span>
     <span class='ocr_line' id='line_1_21' title="bbox 110 2041 852 2120; baseline 0.003 -17"><span class='ocrx_word' id='word_1_115' title='bbox 110 2041 222 2103; x_wconf 87' lang='lat' dir='ltr'>llaetat</span> <span class='ocrx_word' id='word_1_116' title='bbox 243 2041 423 2120; x_wconf 89' lang='lat' dir='ltr'>Naupliades</span> <span class='ocrx_word' id='word_1_117' title='bbox 446 2052 476 2106; x_wconf 91' lang='lat' dir='ltr'>et</span> <span class='ocrx_word' id='word_1_118' title='bbox 498 2045 615 2106; x_wconf 84' lang='lat' dir='ltr'>dedicat</span> <span class='ocrx_word' id='word_1_119' title='bbox 638 2064 706 2107; x_wconf 84' lang='lat' dir='ltr'>arva</span> <span class='ocrx_word' id='word_1_120' title='bbox 731 2063 852 2116; x_wconf 86' lang='lat' dir='ltr'>eruore;</span> 
     </span>
     <span class='ocr_line' id='line_1_22' title="bbox 155 2125 790 2191; baseline 0.008 -5"><span class='ocrx_word' id='word_1_121' title='bbox 155 2125 339 2188; x_wconf 86' lang='lat' dir='ltr'>Substiterat</span> <span class='ocrx_word' id='word_1_122' title='bbox 360 2126 459 2189; x_wconf 90' lang='lat' dir='ltr'>nullus</span> <span class='ocrx_word' id='word_1_123' title='bbox 480 2128 564 2191; x_wconf 87' lang='lat' dir='ltr'>illins</span> <span class='ocrx_word' id='word_1_124' title='bbox 586 2139 654 2191; x_wconf 87' lang='lat' dir='ltr'>ante</span> <span class='ocrx_word' id='word_1_125' title='bbox 677 2147 790 2191; x_wconf 85' lang='lat' dir='ltr'>manus.</span> 
     </span>
    </p>

    <p class='ocr_par' dir='ltr' id='par_1_6' title="bbox 111 2209 899 2462">
     <span class='ocr_line' id='line_1_23' title="bbox 111 2209 889 2294; baseline 0.008 -24"><span class='ocrx_word' id='word_1_126' title='bbox 111 2209 185 2270; x_wconf 90' lang='lat' dir='ltr'>Nam</span> <span class='ocrx_word' id='word_1_127' title='bbox 209 2212 306 2288; x_wconf 94' lang='lat' dir='ltr'>prima</span> <span class='ocrx_word' id='word_1_128' title='bbox 329 2210 407 2273; x_wconf 91' lang='lat' dir='ltr'>volat</span> <span class='ocrx_word' id='word_1_129' title='bbox 428 2214 458 2272; x_wconf 91' lang='lat' dir='ltr'>in</span> <span class='ocrx_word' id='word_1_130' title='bbox 482 2215 553 2283; x_wconf 85' lang='lat' dir='ltr'>anie,</span> <span class='ocrx_word' id='word_1_131' title='bbox 577 2217 750 2294; x_wconf 86' lang='lat' dir='ltr'>primusque</span> <span class='ocrx_word' id='word_1_132' title='bbox 773 2214 889 2276; x_wconf 89' lang='lat' dir='ltr'>sodales</span> 
     </span>
     <span class='ocr_line' id='line_1_24' title="bbox 154 2293 879 2376; baseline 0.008 -21"><span class='ocrx_word' id='word_1_133' title='bbox 154 2293 203 2355; x_wconf 88' lang='lat' dir='ltr'>Sio</span> <span class='ocrx_word' id='word_1_134' title='bbox 226 2297 337 2358; x_wconf 87' lang='lat' dir='ltr'>animat</span> <span class='ocrx_word' id='word_1_135' title='bbox 358 2313 478 2375; x_wconf 87' lang='lat' dir='ltr'>pronos,</span> <span class='ocrx_word' id='word_1_136' title='bbox 502 2297 538 2358; x_wconf 87' lang='lat' dir='ltr'>ad</span> <span class='ocrx_word' id='word_1_137' title='bbox 562 2316 646 2376; x_wconf 80' lang='lat' dir='ltr'>mage</span> <span class='ocrx_word' id='word_1_138' title='bbox 669 2317 763 2376; x_wconf 91' lang='lat' dir='ltr'>prona</span> <span class='ocrx_word' id='word_1_139' title='bbox 787 2309 879 2361; x_wconf 82' lang='lat' dir='ltr'>vocat.</span> 
     </span>
     <span class='ocr_line' id='line_1_25' title="bbox 112 2378 899 2462; baseline 0.008 -23"><span class='ocrx_word' id='word_1_140' title='bbox 112 2378 172 2439; x_wconf 87' lang='lat' dir='ltr'>Cor</span> <span class='ocrx_word' id='word_1_141' title='bbox 195 2389 280 2440; x_wconf 83' lang='lat' dir='ltr'>creat</span> <span class='ocrx_word' id='word_1_142' title='bbox 301 2382 331 2440; x_wconf 91' lang='lat' dir='ltr'>in</span> <span class='ocrx_word' id='word_1_143' title='bbox 354 2382 476 2450; x_wconf 88' lang='lat' dir='ltr'>timidis,</span> <span class='ocrx_word' id='word_1_144' title='bbox 501 2381 603 2444; x_wconf 89' lang='lat' dir='ltr'>landes</span> <span class='ocrx_word' id='word_1_145' title='bbox 625 2382 787 2444; x_wconf 85' lang='lat' dir='ltr'>audaeibus</span> <span class='ocrx_word' id='word_1_146' title='bbox 809 2392 899 2462; x_wconf 89' lang='lat' dir='ltr'>aptat,</span> 
     </span>
    </p>

    <p class='ocr_par' dir='ltr' id='par_1_7' title="bbox 107 2462 1139 3209">
     <span class='ocr_line' id='line_1_26' title="bbox 152 2462 720 2546; baseline 0.011 -24"><span class='ocrx_word' id='word_1_147' title='bbox 152 2462 351 2525; x_wconf 84' lang='lat' dir='ltr'>Exhortativis</span> <span class='ocrx_word' id='word_1_148' title='bbox 373 2464 494 2526; x_wconf 86' lang='lat' dir='ltr'>vocibus</span> <span class='ocrx_word' id='word_1_149' title='bbox 518 2484 599 2528; x_wconf 90' lang='lat' dir='ltr'>arma</span> <span class='ocrx_word' id='word_1_150' title='bbox 621 2477 720 2546; x_wconf 78' lang='lat' dir='ltr'>parat:</span> 
     </span>
     <span class='ocr_line' id='line_1_27' title="bbox 110 2547 873 2630; baseline 0.008 -22"><span class='ocrx_word' id='word_1_151' title='bbox 110 2547 228 2608; x_wconf 82' lang='lat' dir='ltr'>Proluit</span> <span class='ocrx_word' id='word_1_152' title='bbox 249 2548 398 2609; x_wconf 89' lang='lat' dir='ltr'>interdum</span> <span class='ocrx_word' id='word_1_153' title='bbox 422 2549 550 2612; x_wconf 89' lang='lat' dir='ltr'>dominis</span> <span class='ocrx_word' id='word_1_154' title='bbox 572 2567 706 2630; x_wconf 77' lang='lat' dir='ltr'>pugnare</span> <span class='ocrx_word' id='word_1_155' title='bbox 725 2550 873 2630; x_wconf 86' lang='lat' dir='ltr'>jubendo:</span> 
     </span>
     <span class='ocr_line' id='line_1_28' title="bbox 152 2631 855 2713; baseline 0.009 -22"><span class='ocrx_word' id='word_1_156' title='bbox 152 2631 217 2692; x_wconf 90' lang='lat' dir='ltr'>Non</span> <span class='ocrx_word' id='word_1_157' title='bbox 240 2640 328 2692; x_wconf 88' lang='lat' dir='ltr'>nocet</span> <span class='ocrx_word' id='word_1_158' title='bbox 349 2632 477 2694; x_wconf 87' lang='lat' dir='ltr'>admisso</span> <span class='ocrx_word' id='word_1_159' title='bbox 499 2634 627 2696; x_wconf 90' lang='lat' dir='ltr'>subdere</span> <span class='ocrx_word' id='word_1_160' title='bbox 651 2635 747 2698; x_wconf 86' lang='lat' dir='ltr'>caloar</span> <span class='ocrx_word' id='word_1_161' title='bbox 771 2654 855 2713; x_wconf 87' lang='lat' dir='ltr'>equo.</span> 
     </span>
     <span class='ocr_line' id='line_1_29' title="bbox 108 2715 857 2799; baseline 0.011 -25"><span class='ocrx_word' id='word_1_162' title='bbox 108 2715 200 2776; x_wconf 90' lang='lat' dir='ltr'>Irruit</span> <span class='ocrx_word' id='word_1_163' title='bbox 221 2715 252 2775; x_wconf 91' lang='lat' dir='ltr'>in</span> <span class='ocrx_word' id='word_1_164' title='bbox 275 2716 527 2780; x_wconf 84' lang='lat' dir='ltr'>Danaos-validus</span> <span class='ocrx_word' id='word_1_165' title='bbox 550 2718 715 2799; x_wconf 87' lang='lat' dir='ltr'>Sarpedon,</span> <span class='ocrx_word' id='word_1_166' title='bbox 740 2730 769 2781; x_wconf 91' lang='lat' dir='ltr'>et</span> <span class='ocrx_word' id='word_1_167' title='bbox 790 2721 857 2782; x_wconf 92' lang='lat' dir='ltr'>illos</span> 
     </span>
     <span class='ocr_line' id='line_1_30' title="bbox 152 2798 1139 2885; baseline 0.01 -25"><span class='ocrx_word' id='word_1_168' title='bbox 152 2798 302 2869; x_wconf 90' lang='lat' dir='ltr'>Vulnerat,</span> <span class='ocrx_word' id='word_1_169' title='bbox 326 2800 381 2861; x_wconf 92' lang='lat' dir='ltr'>hos</span> <span class='ocrx_word' id='word_1_170' title='bbox 404 2803 583 2880; x_wconf 83' lang='lat' dir='ltr'>agitat,·hos</span> <span class='ocrx_word' id='word_1_171' title='bbox 607 2805 675 2866; x_wconf 86' lang='lat' dir='ltr'>terit</span> <span class='ocrx_word' id='word_1_172' title='bbox 696 2804 811 2885; x_wconf 90' lang='lat' dir='ltr'>bosque</span> <span class='ocrx_word' id='word_1_173' title='bbox 833 2817 929 2870; x_wconf 86' lang='lat' dir='ltr'>necat.</span> <span class='ocrx_word' id='word_1_174' title='bbox 1026 2817 1076 2869; x_wconf 82' lang='lat'>850</span> <span class='ocrx_word' id='word_1_175' title='bbox 1137 2823 1139 2828; x_wconf 84' lang='grc'><strong>’</strong></span> 
     </span>
     <span class='ocr_line' id='line_1_31' title="bbox 110 2883 875 2968; baseline 0.01 -25"><span class='ocrx_word' id='word_1_176' title='bbox 110 2884 174 2944; x_wconf 80' lang='lat' dir='ltr'>Rex</span> <span class='ocrx_word' id='word_1_177' title='bbox 195 2902 288 2944; x_wconf 87' lang='lat' dir='ltr'>novus</span> <span class='ocrx_word' id='word_1_178' title='bbox 310 2883 360 2946; x_wconf 92' lang='lat' dir='ltr'>illa</span> <span class='ocrx_word' id='word_1_179' title='bbox 383 2886 493 2957; x_wconf 87' lang='lat' dir='ltr'>ridens,</span> <span class='ocrx_word' id='word_1_180' title='bbox 518 2890 648 2968; x_wconf 89' lang='lat' dir='ltr'>antiquis</span> <span class='ocrx_word' id='word_1_181' title='bbox 671 2889 782 2951; x_wconf 84' lang='lat' dir='ltr'>viribus</span> <span class='ocrx_word' id='word_1_182' title='bbox 806 2909 875 2952; x_wconf 92' lang='lat' dir='ltr'>usus</span> 
     </span>
     <span class='ocr_line' id='line_1_32' title="bbox 150 2967 845 3049; baseline 0.012 -20"><span class='ocrx_word' id='word_1_183' title='bbox 150 2967 272 3029; x_wconf 78' lang='lat' dir='ltr'>Advolat</span> <span class='ocrx_word' id='word_1_184' title='bbox 295 2976 324 3030; x_wconf 90' lang='lat' dir='ltr'>et</span> <span class='ocrx_word' id='word_1_185' title='bbox 346 2970 456 3032; x_wconf 79' lang='lat' dir='ltr'>sortem</span> <span class='ocrx_word' id='word_1_186' title='bbox 478 2973 611 3049; x_wconf 88' lang='lat' dir='ltr'>perlorat</span> <span class='ocrx_word' id='word_1_187' title='bbox 635 2993 705 3036; x_wconf 89' lang='lat' dir='ltr'>ense</span> <span class='ocrx_word' id='word_1_188' title='bbox 728 2975 845 3037; x_wconf 86' lang='lat' dir='ltr'>ducem.</span> 
     </span>
     <span class='ocr_line' id='line_1_33' title="bbox 107 3051 755 3134; baseline 0.011 -23"><span class='ocrx_word' id='word_1_189' title='bbox 107 3051 228 3113; x_wconf 82' lang='lat' dir='ltr'>Exultat</span> <span class='ocrx_word' id='word_1_190' title='bbox 251 3053 351 3122; x_wconf 83' lang='lat' dir='ltr'>victor,</span> <span class='ocrx_word' id='word_1_191' title='bbox 377 3055 476 3116; x_wconf 92' lang='lat' dir='ltr'>titillat</span> <span class='ocrx_word' id='word_1_192' title='bbox 497 3057 590 3134; x_wconf 80' lang='lat' dir='ltr'>gloria</span> <span class='ocrx_word' id='word_1_193' title='bbox 614 3066 755 3131; x_wconf 87' lang='lat' dir='ltr'>mentem,</span> 
     </span>
     <span class='ocr_line' id='line_1_34' title="bbox 152 3136 915 3209; baseline 0.014 -14"><span class='ocrx_word' id='word_1_194' title='bbox 152 3137 249 3209; x_wconf 84' lang='lat' dir='ltr'>Quum</span> <span class='ocrx_word' id='word_1_195' title='bbox 274 3136 364 3199; x_wconf 82' lang='lat' dir='ltr'>breve</span> <span class='ocrx_word' id='word_1_196' title='bbox 385 3138 495 3201; x_wconf 86' lang='lat' dir='ltr'>laetitia</span> <span class='ocrx_word' id='word_1_197' title='bbox 518 3141 650 3205; x_wconf 81' lang='lat' dir='ltr'>Teurrea</span> <span class='ocrx_word' id='word_1_198' title='bbox 674 3161 795 3206; x_wconf 87' lang='lat' dir='ltr'>carmen</span> <span class='ocrx_word' id='word_1_199' title='bbox 817 3143 915 3207; x_wconf 88' lang='lat' dir='ltr'>habet.</span> 
     </span>
    </p>
   </div>
   <div class='ocr_carea' id='block_1_5' title="bbox 105 3275 308 3283">
    <p class='ocr_par' dir='ltr' id='par_1_8' title="bbox 105 3275 308 3283">
     <span class='ocr_line' id='line_1_35' title="bbox 105 3275 308 3283; baseline 0.005 -1"><span class='ocrx_word' id='word_1_200' title='bbox 105 3275 308 3283; x_wconf 46' lang='lat' dir='ltr'><em>...u-mu...—</em></span> 
     </span>
    </p>
   </div>
   <div class='ocr_carea' id='block_1_6' title="bbox 104 3330 1107 3559">
    <p class='ocr_par' dir='ltr' id='par_1_9' title="bbox 104 3330 1107 3559">
     <span class='ocr_line' id='line_1_36' title="bbox 174 3330 1107 3430; baseline 0.013 -24"><span class='ocrx_word' id='word_1_201' title='bbox 174 3330 1107 3430; x_wconf 46' lang='lat' dir='ltr'>ffifflmmstffimwfflffl</span> 
     </span>
     <span class='ocr_line' id='line_1_37' title="bbox 104 3423 1072 3498; baseline 0.008 -24"><span class='ocrx_word' id='word_1_202' title='bbox 104 3425 163 3478; x_wconf 87' lang='grc'>848,</span> <span class='ocrx_word' id='word_1_203' title='bbox 184 3423 275 3473; x_wconf 83' lang='lat' dir='ltr'>calcar</span> <span class='ocrx_word' id='word_1_204' title='bbox 292 3438 341 3489; x_wconf 86' lang='lat' dir='ltr'>pro</span> <span class='ocrx_word' id='word_1_205' title='bbox 361 3425 419 3476; x_wconf 87' lang='lat' dir='ltr'>cod.</span> <span class='ocrx_word' id='word_1_206' title='bbox 439 3441 543 3476; x_wconf 83' lang='lat' dir='ltr'>carcar.</span> <span class='ocrx_word' id='word_1_207' title='bbox 562 3460 595 3469; x_wconf 89' lang='lat'>-</span> <span class='ocrx_word' id='word_1_208' title='bbox 613 3430 690 3480; x_wconf 83' lang='lat' dir='ltr'>subd.</span> <span class='ocrx_word' id='word_1_209' title='bbox 710 3444 732 3484; x_wconf 85' lang='lat' dir='ltr'>o,</span> <span class='ocrx_word' id='word_1_210' title='bbox 752 3445 775 3479; x_wconf 92' lang='lat' dir='ltr'>e.</span> <span class='ocrx_word' id='word_1_211' title='bbox 793 3429 874 3480; x_wconf 81' lang='lat' dir='ltr'>ovid.</span> <span class='ocrx_word' id='word_1_212' title='bbox 893 3432 945 3483; x_wconf 84' lang='lat' dir='ltr'>Ars</span> <span class='ocrx_word' id='word_1_213' title='bbox 964 3447 1015 3486; x_wconf 84' lang='lat' dir='ltr'>nm.</span> <span class='ocrx_word' id='word_1_214' title='bbox 1034 3435 1072 3498; x_wconf 89' lang='lat'>11,</span> 
     </span>
     <span class='ocr_line' id='line_1_38' title="bbox 106 3490 756 3559; baseline 0.011 -17"><span class='ocrx_word' id='word_1_215' title='bbox 106 3493 164 3542; x_wconf 76' lang='grc'><strong>732.</strong></span> <span class='ocrx_word' id='word_1_216' title='bbox 182 3490 294 3547; x_wconf 89' lang='lat' dir='ltr'>Remed,</span> <span class='ocrx_word' id='word_1_217' title='bbox 313 3492 371 3546; x_wconf 81' lang='grc'><strong>788.</strong></span> <span class='ocrx_word' id='word_1_218' title='bbox 391 3509 424 3542; x_wconf 83' lang='lat' dir='ltr'>ex</span> <span class='ocrx_word' id='word_1_219' title='bbox 443 3494 523 3548; x_wconf 86' lang='lat' dir='ltr'>Pont.</span> <span class='ocrx_word' id='word_1_220' title='bbox 543 3494 579 3558; x_wconf 89' lang='lat' dir='ltr'>Il,</span> <span class='ocrx_word' id='word_1_221' title='bbox 598 3497 622 3559; x_wconf 87' lang='lat'>6,</span> <span class='ocrx_word' id='word_1_222' title='bbox 640 3499 681 3547; x_wconf 88' lang='grc'>38.</span> <span class='ocrx_word' id='word_1_223' title='bbox 754 3543 756 3548; x_wconf 89' lang='grc'>.</span> 
     </span>
    </p>
   </div>
   <div class='ocr_carea' id='block_1_7' title="bbox 781 3580 964 3699">
    <p class='ocr_par' dir='ltr' id='par_1_10' title="bbox 781 3580 971 3699">
     <span class='ocr_line' id='line_1_39' title="bbox 787 3580 903 3633; baseline 0 -23"><span class='ocrx_word' id='word_1_224' title='bbox 787 3580 903 3633; x_wconf 53' lang='lat' dir='ltr'>mqo„</span> 
     </span>
     <span class='ocr_line' id='line_1_40' title="bbox 783 3615 789 3628; baseline 0 0"><span class='ocrx_word' id='word_1_225' title='bbox 783 3615 789 3628; x_wconf 81' lang='grc' dir='ltr'><strong><em>Ι</em></strong></span> 
     </span>
     <span class='ocr_line' id='line_1_41' title="bbox 781 3633 886 3659; baseline 0.01 -1"><span class='ocrx_word' id='word_1_226' title='bbox 781 3649 783 3658; x_wconf 93' lang='lat' dir='ltr'>l</span> <span class='ocrx_word' id='word_1_227' title='bbox 847 3633 886 3659; x_wconf 51' lang='lat'>¹⁴!</span> 
     </span>
     <span class='ocr_line' id='line_1_42' title="bbox 817 3665 964 3676; baseline 0.007 -1"><span class='ocrx_word' id='word_1_228' title='bbox 817 3667 821 3675; x_wconf 88' lang='grc' dir='ltr'><strong><em>Ι</em></strong></span> <span class='ocrx_word' id='word_1_229' title='bbox 861 3665 864 3669; x_wconf 88' lang='grc'><strong>’</strong></span> <span class='ocrx_word' id='word_1_230' title='bbox 958 3666 964 3676; x_wconf 72' lang='grc' dir='ltr'><em>Ι</em></span> 
     </span>
     <span class='ocr_line' id='line_1_43' title="bbox 953 3691 956 3699; baseline 0 0"><span class='ocrx_word' id='word_1_231' title='bbox 953 3691 956 3699; x_wconf 95' lang='grc'><em>,</em></span> 
     </span>
    </p>
   </div>
   <div class='ocr_carea' id='block_1_8' title="bbox 0 0 1314 3984">
    <p class='ocr_par' dir='ltr' id='par_1_11' title="bbox 0 0 1314 3984">
     <span class='ocr_line' id='line_1_44' title="bbox 0 0 1314 3984; baseline 0 2"><span class='ocrx_word' id='word_1_232' title='bbox 0 0 1314 3984; x_wconf 95' lang='lat' dir='ltr'> </span> 
     </span>
    </p>
   </div>
  </div>
 </body>
</html>
