2616 4000
422 252 484 304 urb.
506 251 551 302 77.
588 269 614 303 v.
634 255 776 304 ror-rsa.
1022 251 1081 314 191

318 414 428 484 [Quot
446 415 487 468 IN
505 415 620 470 BELLO
640 416 754 471 OCCISI
772 415 888 484 snitu]

112 521 258 582 Dicamus
280 519 412 580 breviter
435 519 580 598 Trojanae
603 528 738 598 tempore
760 539 877 600 pugnae

159 605 309 683 Partaque
331 614 405 684 quot
426 611 535 664 stratae
558 605 616 664 sint
638 603 674 664 ab
699 606 948 684 utraquelguIam

119 687 227 754 iliacos
247 690 364 750 cineres
386 700 452 766 post
475 688 643 748 deseruisse
664 687 804 767 Pelasgos

163 768 346 840 Scribamus,
370 773 460 849 gades
483 773 525 833 sic
548 772 606 832 sihi
628 773 693 850 figit
715 791 800 852 opus,

118 859 219 917 dunos
239 856 330 941 junge
353 856 465 925 decem,
490 875 540 916 sex
564 855 724 927 mensibus,
748 857 794 918 iris
816 857 968 920 duodenos
1033 868 1085 918 tos

160 940 241 1002 Adde
264 941 335 1008 dies,
359 948 474 1000 tantum
498 939 605 1000 Troica
628 957 726 1018 pugna
749 945 847 1010 stetit;
922 936 933 992 J

117 1027 188 1086 Post
211 1026 378 1101 octingenta
402 1042 453 1084 sex
477 1026 686 1104 octogintaque
709 1043 809 1104 ponas,

18 1177 19 1184 χ
161 1108 249 1170 Miltia
273 1106 524 1184 Graiugenastot
546 1109 688 1172 cecidisse
711 1112 796 1171 scias.

118 1194 230 1252 Troum
253 1200 392 1252 sexcenta
414 1195 471 1251 tria
495 1195 681 1271 septuaginta
703 1204 829 1255 ruerunt

162 1275 262 1345 Miltia,
285 1275 336 1336 sed
360 1275 490 1336 nondum
515 1275 671 1337 traditione
695 1277 779 1354 data;
1034 1290 1084 1338 tro

120 1361 260 1420 Extrema
282 1367 369 1420 noete
391 1361 524 1420 cinerum
548 1360 685 1421 cecidere
707 1362 832 1423 ducenta

164 1443 201 1504 tn
224 1443 324 1504 decies
347 1452 460 1522 septem
483 1442 574 1506 miliia
598 1463 709 1523 sexque
732 1446 893 1525 Phrygum.
942 1494 946 1502 .

120 1529 179 1588 Pro
202 1535 264 1588 toto
287 1528 399 1587 Troum
421 1545 547 1588 numero
569 1533 728 1606 nonaginta
753 1539 893 1590 vocantur

162 1611 199 1670 Et
221 1611 415 1690 qnadraginta
440 1611 532 1672 miliia
555 1619 659 1692 terque
680 1614 745 1673 tria.

118 1694 256 1770 iiillesies
276 1695 358 1759 mille
379 1697 549 1774 permixtim
572 1700 704 1774 quinque
726 1705 857 1757 trecenta
1033 1708 1091 1756 715·

161 1779 197 1840 m
221 1778 312 1840 denos
335 1778 514 1841 octomiilia
538 1797 623 1840 caesa
646 1790 746 1858 puta·
1009 1795 1010 1798 ’

119 1861 235 1942 Quique
258 1862 479 1941 superfuerant,
504 1865 622 1924 'ventum
645 1864 784 1941 dispersit
807 1866 836 1923 in
860 1883 977 1927 curnem

163 1945 250 2008 Sorte
272 1965 412 2024 premens
433 1947 500 2008 illos
522 1951 674 2026 asperiore
696 1948 777 2008 deus.
1009 1960 1011 1966 '

119 2031 193 2092 Cum
216 2031 338 2099 ratibus,
363 2030 470 2108 quihus
493 2032 529 2090 ad
555 2032 683 2092 Graecos
705 2033 788 2092 Paris
806 2035 904 2114 'iverat
926 2031 1004 2101 oiim,

162 2114 288 2192 Navigat
307 2118 430 2184 deneas,
455 2116 604 2192 multaque
627 2115 714 2176 turba
737 2133 847 2176 comes.
1032 2126 1083 2175 tao

119 2200 193 2260 Cum
215 2198 441 2279 quadringentis
464 2207 494 2260 et
515 2197 644 2260 millibus
667 2218 730 2260 esse
754 2201 871 2260 duobus
955 2213 960 2221 ·

148 2283 277 2344 'Dicitur
299 2292 329 2344 et
352 2281 438 2342 tellus
460 2283 546 2349 Adria
570 2292 647 2344 tacta
669 2283 724 2344 sibi
746 2293 800 2344 est.

120 2368 236 2446 Longas
258 2367 399 2427 sustinuit
420 2369 511 2428 maris
534 2369 604 2447 iras,
626 2385 694 2430 nam
717 2367 895 2430 sceleratum

162 2453 219 2512 Per
240 2468 334 2519 mare,
358 2468 411 2530 per
434 2461 529 2512 terras
551 2453 675 2528 septima
696 2451 788 2530 jactat
810 2453 914 2513 hiems.

120 2535 223 2612 Longo
247 2533 378 2596 membra
402 2534 483 2595 dedit
504 2534 706 2596 inimicissima
731 2534 817 2606 helio,
1034 2545 1083 2594 tao

162 2619 291 2680 Externa
314 2618 432 2679 tandem
455 2617 592 2680 conditus
610 2617 683 2679 exui
705 2618 806 2680 humo.
1046 2639 1048 2643 ’

117 2707 253 2764 Antenor
275 2703 354 2765 subit
375 2701 560 2780 Hesperiam,
584 2703 643 2764 duo
665 2701 757 2764 millia
779 2721 878 2764 secum

163 2785 319 2848 Deducens
341 2787 444 2866 popuii
467 2796 571 2864 pausat
591 2789 732 2848 humatus
753 2786 810 2848 ibi.¹
923 2807 925 2812 ·

118 2869 243 2934 Hecuba
267 2871 460 2932 Cassandram
483 2889 583 2932 secum
606 2871 705 2940 trahit,
729 2871 1014 2949 Andromachenqua

162 2955 307 3023 Hectoris,
332 2963 377 3016 cst
398 2953 530 3016 Helenus
553 2957 717 3016 associatus
739 2956 793 3016 eis.
1032 2965 1084 3013 tao

118 3039 182 3102 Una
205 3037 382 3118 Sybiilarum
406 3038 568 3100 Cassandra
592 3041 682 3100 tuisse
704 3034 832 3118 putatur,

163 3122 199 3184 Et
220 3121 298 3184 bene
320 3122 480 3185 concordat
503 3125 643 3202 temporis
665 3124 738 3183 hora
760 3125 815 3184 rei.

117 3207 193 3269 Nam
216 3207 270 3268 sub
291 3206 440 3286 judicibus
464 3214 492 3266 et
515 3208 617 3267 eodem
640 3215 783 3286 tempore,
807 3203 913 3285 'trojae

162 3290 264 3352 Gloria
287 3310 346 3370 quo
369 3290 484 3358 cecidit,
511 3300 613 3370 quarta
637 3286 749 3369 Sybiiia
772 3291 837 3351 tuit.

116 3505 141 3576 P
159 3460 247 3575 dili.
265 3460 375 3524 Margo:
395 3473 476 3522 quum
495 3457 652 3509 incinerata
669 3457 730 3512 fuit,
800 3457 858 3508 728.
875 3455 986 3522 Margo:
1003 3454 1084 3519 juxta

96 3553 104 3560 -
142 3540 159 3575 a
179 3541 230 3577 um.
