2616 4000
1051 196 1115 262 205

148 347 174 410 0
196 351 282 410 luror
304 350 435 418 ellrenis,
458 352 554 428 patuit
576 349 722 428 Neptunia
736 350 850 429 ¹poenis
1063 360 1114 409 215

195 433 284 512 Troja
308 432 375 494 dolo
396 432 514 511 juvenis
536 435 652 514 prodita
675 432 862 512 Crajugenis.

148 515 280 579 Flamma
304 517 372 578 dein
396 517 483 579 sedes
505 526 535 579 et
557 536 661 596 regum
684 517 786 598 dejicit
807 520 906 590 cedes,

190 602 266 664 Hinc
289 620 384 682 equus
406 603 442 664 ad
466 603 572 664 caedes
594 604 684 665 irruit
705 603 774 664 inde
796 602 898 683 pedes.

148 685 201 747 Vir
224 683 420 748 sit'nabenda
442 685 525 757 tides,
549 688 626 766 quod
652 687 741 748 millia
764 696 878 750 sternat
899 688 1028 758 Atrides,

189 769 272 850 Ajax‚
286 769 415 845 titides,
438 771 570 850 Pyrrhus
593 769 781 834 Achilleidos.
1060 782 1113 832 220

151 855 265 918 Instant
287 873 358 918 ense
381 863 490 926 truces,
514 857 583 916 dnm
606 857 733 918 flammis
755 856 845 935 Troja
866 855 994 928 reluces,

103 1010 111 1015 ‚
189 941 296 1002 Passus
318 940 423 1014 vincla,
447 959 563 1016 cruces,
586 942 786 1003 interimendo
808 943 910 1002 duces.

150 1025 281 1096 Quilibet
303 1027 410 1087 armati
435 1026 565 1102 primurn
587 1033 670 1104 patet
690 1027 850 1106 impietati;
936 1070 941 1086 t

190 1111 266 1171 Sunt
289 1109 370 1171 scrie'
389 1111 443 1171 lati
467 1117 509 1169 tot
531 1109 607 1171 mala
630 1109 711 1188 jussa
735 1111 805 1189 pati.

47 1210 56 1225 ·
148 1193 319 1256 Caeduntur
340 1195 426 1274 pueri
447 1192 630 1274 juvenesque
652 1212 797 1275 senesque
820 1195 915 1256 severi
1064 1205 1114 1253 225

195 1278 290 1341 Omne
312 1277 382 1341 licet
404 1279 520 1349 sceleri,
545 1280 624 1358 qnod
648 1278 744 1340 scelus
766 1290 820 1355 est,
844 1281 918 1340 deri.

151 1365 188 1425 Vi
208 1360 286 1442 jacet
308 1361 410 1424 ltostili
432 1379 527 1440 genus
548 1364 693 1439 Assaraci,
717 1382 812 1444 genus
833 1362 877 1433 lii,

190 1448 261 1526 Igne
282 1445 361 1508 lares
384 1447 454 1527 agili
476 1447 546 1509 sede
568 1447 671 1527 jacens
693 1448 809 1509 humili.

147 1531 231 1592 Tunc
252 1532 318 1594 lieri
340 1532 458 1594 cineres
479 1550 621 1611 gemmas,
646 1533 730 1602 ebur,
753 1541 842 1602 ostra,
867 1531 982 1595 videres

189 1617 275 1678 Tunc
297 1615 414 1678 Bauaos
437 1614 553 1678 celeres
573 1618 603 1677 in
627 1616 726 1678 soclus
748 1618 906 1696 aspiceres,
1064 1626 1115 1675 230

151 1702 306 1778 Aspiciens
328 1700 418 1762 liores
440 1708 484 1761 tot
505 1718 621 1778 parvos,
645 1709 689 1761 tot
710 1701 859 1783 mulieres,

189 1786 247 1846 Tot
267 1786 375 1865 perimi
397 1802 547 1864 proceres,
572 1793 675 1863 totque
698 1786 778 1846 viros
799 1793 925 1846 veteres.

148 1869 262 1948 Regum
286 1887 338 1930 rex
361 1869 476 1939 haeres,
500 1870 591 1950 periit
612 1869 701 1932 simul
721 1868 842 1931 Hecuba
865 1887 993 1950 moeres,

192 1954 230 2015 Ut
253 1971 362 2034 corpus
383 1955 507 2024 iaceres,
530 1963 562 2015 ut
586 1952 686 2015 doleas
708 1963 843 2035 superes.

147 2038 231 2100 Alter
253 2038 404 2099 Homerus
428 2057 489 2108 ero,
514 2037 558 2098 vel
582 2038 687 2100 eodem
710 2035 805 2116 major
826 2038 966 2109 Homero,
1064 2049 1113 2097 235

132 2166 136 2175 .
188 2122 245 2183 Tot
267 2121 376 2183 classes
397 2140 525 2184 numero
548 2121 682 2184 scribere
704 2124 728 2183 si
751 2132 866 2201 potero.

146 2209 186 2270 Ut
208 2226 257 2268 res
280 2206 420 2284 declarat,
443 2207 533 2285 igitur
554 2207 747 2269 fundamenta
770 2206 884 2270 locarat

189 2290 336 2361 Phoebus,
361 2303 390 2352 et
412 2299 552 2373 captarat,
577 2295 696 2355 moenia
718 2310 820 2354 vomer
843 2301 915 2354 arat.

146 2377 184 2437 Et
203 2377 236 2438 lit
257 2393 332 2456 opus
354 2374 477 2447 clarum,
500 2375 580 2457 quod
603 2396 657 2438 rex
679 2377 850 2446 fabricarat,
873 2395 1028 2456 aquarum,

191 2459 297 2522 Lustra
320 2460 503 2531 leaenarum,
527 2461 657 2542 silvaque
681 2470 742 2523 tuta
766 2479 882 2541 parum.
1062 2470 1113 2519 240

148 2546 230 2605 Atria
252 2546 419 2622 milvorum,
441 2545 524 2607 locus
546 2555 577 2606 et
597 2545 739 2626 spelunca
761 2545 912 2625 luporum,

190 2630 302 2692 Pascua
326 2639 396 2692 sunt
417 2631 564 2709 pecudum
589 2629 705 2710 templa,
729 2630 853 2698 theatra,
877 2630 985 2694 iorum.

145 2713 188 2775 to
211 2715 314 2776 vitium
337 2714 457 2777 thalami
480 2713 560 2792 qnod
583 2714 731 2793 adaugent
754 2714 890 2793 Cypridis
912 2713 991 2774 hami

192 2799 304 2879 chres
327 2805 357 2860 et
378 2799 484 2860 calami
508 2815 598 2877 regna
622 2806 725 2862 tenent
746 2798 866 2860 Priami.

150 2883 293 2945 Calminio
314 2883 395 2945 idaci
417 2884 496 2964 quod
518 2882 612 2962 gloria
634 2884 778 2964 perniciei
1061 2891 1111 2940 245

190 2966 240 3027 Sic
262 2967 360 3048 datur,
385 2967 457 3029 iliud
480 2969 508 3030 ei
530 2969 658 3030 contulit
678 2968 721 3029 ira
745 2967 802 3028 dei.

146 3051 221 3112 Dum
245 3052 288 3114 sic
310 3052 400 3132 Troja
424 3052 506 3113 cadis
528 3059 628 3114 tantae
650 3053 821 3116 discrimine
844 3050 944 3121 cladis,

188 3136 318 3198 teneam
341 3137 445 3207 tradis,
469 3143 559 3216 teque
581 3145 736 3219 ratemque
758 3137 848 3199 vadis.

146 3219 183 3292 tto
204 3220 303 3282 Venus
325 3222 394 3282 huic
415 3220 486 3282 moli
509 3219 652 3282 subduxit
674 3219 794 3298 provida
816 3222 903 3301 proli,

189 3303 266 3367 Huic
288 3304 387 3367 donrui
409 3305 463 3366 soii
486 3303 527 3366 nil
550 3323 682 3367 nocuere
705 3304 773 3366 doli.
1060 3315 1111 3364 250

145 3387 306 3469 Hesperiae
328 3398 422 3451 metas
444 3388 498 3450 tibi
522 3389 608 3468 longa
631 3389 827 3470 spoponderit
851 3399 941 3459 aetas,

188 3471 231 3534 Te
254 3484 352 3535 serrat
373 3477 478 3554 pietas,
502 3482 535 3535 ut
557 3476 631 3535 nora
655 3492 747 3553 regna
770 3483 863 3554 petas.
